3000 5040
272 259 338 324 540
680 264 851 326 ικιιαον
876 262 914 326 ε.
935 253 1022 345 (14)

316 447 390 518 351.
415 430 576 521 στιλπναί]
593 434 789 515 στίλβουσαι,
804 433 943 514 λαμπραί

316 539 390 622 362.
414 537 466 602 τὸν
482 533 531 625 δέ]
549 537 602 601 τὸν
618 541 800 602 Ποσειδῶνα

315 640 390 726 381.
414 637 558 729 ἄμειβον]
576 640 788 726 ἤλ<λ>ασσου
919 638 992 726 386.
1015 639 1056 725 τῷ
1072 632 1120 725 δέ]
1136 638 1180 722 τῷ
1195 636 1268 718 άορι

316 743 389 829 387.
413 744 481 812 δέος
505 744 626 828 ίσχάνει
657 740 782 832 ἄνδρας]
815 744 976 822 πεποίηται
1004 746 1063 826 γὰρ
1090 743 1133 808 είς
1163 743 1284 822 φόβου,
1310 739 1368 803 οῦκ
1394 741 1434 806 είς

238 850 369 928 5φθνου

314 970 388 1030 404.
412 948 464 1042 τῆ]
481 953 558 1017 δπον
572 952 642 1015 A:
780 944 951 1038 τελαμῶνε]
969 951 998 1014 οἱ
1013 950 1181 1033 άναφορεῖς

312 1074 387 1141 413.
411 1052 536 1143 έσσευε]
553 1056 694 1134 ἐκίνησεν

313 1178 387 1237 414.
410 1155 514 1248 ῥιπῆς]
532 1165 675 1240 κεραυνοῦ
807 1152 945 1244 ἐξερίπῃ]
963 1155 1041 1242 πέσῃ

312 1274 387 1343 415.
410 1258 524 1348 θεείου]
541 1263 582 1329 ὡς
711 1277 788 1343 427.
812 1263 845 1328 εῦ
860 1257 1023 1347 ἀκήδεσεν]
1041 1260 1132 1325 αὐτοῦ
1146 1260 1307 1343 ἠμέλησεν

221 1382 257 1422 10
313 1365 388 1451 438.
410 1362 526 1453 πλῆτο]
543 1367 745 1444 ἐπλησίασεν,
762 1364 999 1449 προσεπελάσθη

312 1488 387 1550 444.
409 1465 594 1556 Ἠνοπίδην]
613 1470 666 1533 τὸν
680 1471 746 1533 υἱδν
758 1469 896 1535 Ἤνοπος

312 1572 386 1653 460.
411 1569 520 1663 πέσεν]
539 1574 556 1635 δ
572 1571 756 1655 Προθοήνωρ
887 1568 975 1660 άγχι]
993 1575 1128 1653 πλησίον

311 1678 387 1762 463.
413 1672 609 1763 <λικριφίς>]
633 1675 700 1755 ἤτοι
721 1677 868 1760 πλαγίως,
885 1676 945 1739 άπδ
967 1681 1020 1739 τοῦ
1041 1677 1114 1741 λίαν
1136 1676 1185 1740 καὶ
1207 1680 1261 1739 τοῦ
1285 1676 1427 1757 κρυφίως,

270 1782 346 1845 κατὰ
359 1780 475 1863 τροπὴν
489 1785 542 1843 τοῦ
557 1784 575 1844 ῦ
588 1784 703 1861 μακροῦ
718 1781 762 1846 εἶς
778 1775 899 1867 βραῘχθ
913 1776 951 1866 ἶ]
963 1781 992 1841 Α
1002 1808 1022 1825 ν

218 1897 254 1958 15
312 1884 452 1966 κόμισεν]
467 1885 522 1962 τὴν
538 1887 612 1964 κῆρα
932 1868 935 1874 ’

311 1989 386 2069 467.
408 1982 503 2074 ῥῖνες]
520 1989 560 2072 τῷ
576 1986 768 2071 πληθυντικῷ
785 1987 851 2051 ἀντὶ
867 1991 920 2050 τοῦ
934 1990 1034 2052 ἑνικοῦ
1050 1984 1203 2069 ἐχρήσατο

311 2091 385 2171 484.
409 2087 466 2178 τῷ]
482 2092 530 2154 διό
658 2091 735 2174 485.
759 2090 855 2171 άρεως
871 2086 1021 2177 ἀλκτῆρα]
1039 2093 1136 2171 φόνου
1151 2093 1281 2171 τιμωρόν

310 2209 386 2278 495.
411 2190 501 2282 ἰνίου]
518 2199 571 2258 τοῦ
586 2199 690 2277 νευροῦ
821 2208 896 2275 497.
920 2188 1090 2279 άπήραξεν]
1107 2191 1289 2272 άπετίνοξεν

310 2316 384 2383 499.
408 2295 468 2386 φή]
488 2298 527 2364 ὣς
659 2311 732 2380 501.
757 2293 927 2385 εἰπέμεναι]
946 2301 1048 2363 εἴπατε
1064 2297 1133 2359 A:

215 2674 253 2714 20
824 2652 861 2712 Ο.

314 2810 362 2853 10.
395 2795 450 2873 κῆρ
481 2790 673 2879 ἀπινύσσων]
707 2792 876 2873 ἐξεστηκὼς
905 2794 941 2878 τῇ
971 2793 1058 2878 ψυχῇ
1089 2791 1138 2855 καὶ
1168 2791 1203 2855 οὐ
1232 2792 1424 2873 διακείμενος

270 2900 408 2968 σννετιῦς,
425 2897 508 2959 άλλδ
523 2896 674 2963 ἀσυνέτως
689 2897 756 2959 Α-

310 3017 360 3082 19.
384 2995 529 3088 άκμονας]
548 3002 675 3067 κανόνας
691 3000 740 3064 καὶ
753 2999 886 3082 ῥάβδους

387 3099 460 3190 ἧκα]
478 3102 617 3169 ἐτάνυσα·
645 3106 711 3183 ίημι
726 3104 761 3167 τδ
781 3103 889 3182 τανύω,
906 3106 923 3167 δ
937 3102 1062 3184 μέλλων
1076 3103 1151 3182 ἥσω,
1167 3104 1184 3165 ὁ
1199 3104 1423 3184 παρακείμενος

213 3230 250 3289 ²5
264 3204 377 3285 ιιῆκαν

310 3328 359 3393 23.
382 3311 417 3375 τὸ
440 3310 626 3394 “τεταγιθν)’
648 3311 856 3392 μετάπλασις·
884 3313 1000 3392 ὤφειλε
1022 3314 1079 3392 γάρ
1100 3310 1240 3392 τεταχώς.
1276 3311 1421 3389 σημαίνει

264 3414 298 3478 δέ
313 3413 347 3476 τδ
361 3415 521 3480 τετινακιθς
534 3416 583 3479 καὶ
593 3413 723 3495 τινάξας.
747 3416 933 3494 κανουίζεται
945 3417 977 3479 δὲ
989 3417 1090 3480 οὕτως·
1108 3412 1253 3492 τινάσσω,
1265 3415 1283 3477 ὁ
1293 3413 1421 3494 μέλλων

263 3515 384 3596 τινάξω,
401 3520 417 3581 ὁ
433 3521 650 3599 παρακείμενος
666 3521 819 3602 τετίναχα,
835 3523 852 3583 ὁ
866 3519 961 3599 μέσος
985 3520 1126 3600 τετίναγα
1149 3519 1198 3582 καὶ
1221 3520 1255 3584 ἐν
1277 3518 1420 3605 ουγκοπῆ

262 3621 382 3703 τέταγα,
397 3620 415 3699 ἡ
432 3621 548 3704 μετοχὴ
565 3624 581 3684 ὁ
597 3624 729 3706 τεταχώς
745 3624 795 3686 καὶ
811 3625 886 3685 κατὰ
899 3621 1094 3702 μετάπλασιυ
1110 3628 1128 3656 “
1138 3620 1299 3704 τεταγοίν”

211 3754 250 3810 30
308 3742 359 3804 24.
383 3721 466 3813 άνίη]
484 3729 541 3800 εία,
558 3728 779 3806 κατελίμπανεν

169 3852 171 3856 “
308 3845 358 3910 25.
383 3828 510 3913 συνεχές
525 3828 671 3912 λέγουσιν
686 3833 715 3894 οί
729 3828 853 3912 ῥήτορες
869 3836 904 3893 τὸ
918 3829 960 3909 μῆ
977 3831 1020 3895 εἰς
1037 3828 1111 3909 μέρη
1133 3830 1182 3893 καὶ
1200 3828 1320 3911 (κατὰ)
1340 3828 1418 3911 μέρη

263 3935 307 4010 ὄν,
323 3932 407 3997 ἀλλὰ
421 3933 454 3998 έν
469 3958 498 3997 τι
514 3934 563 3997 καὶ
578 3935 762 4013 μονάτατον·
795 3931 895 4018 διεχές
918 3935 951 3998 δέ
973 3938 1007 3995 τδ
1026 3931 1250 4015 κεχωρισμένον
1272 3933 1334 3995 άπδ
1358 3937 1420 3996 τῶν

262 4037 368 4102 ἄλλων
389 4034 437 4100 καὶ
453 4038 495 4102 εἰς
514 4035 588 4118 μέρη
608 4036 833 4118 μεμερισμένον·
858 4036 977 4121 άδιεχές
997 4036 1050 4101 οῦν
1065 4035 1175 4099 λοιπὸν
1196 4036 1231 4099 τὸ
1252 4035 1295 4114 μῆ
1321 4062 1419 4119 κεχω·

261 4140 415 4223 ρισμένον,
439 4142 521 4205 άλλδ
543 4141 578 4205 τδ
601 4143 667 4205 οἶον
690 4142 722 4205 έν
745 4166 774 4205 τι
796 4139 832 4205 δν
856 4143 904 4206 καὶ
925 4142 1112 4222 μανιάτατον·
1145 4139 1320 4220 συναιρέσει
1343 4145 1421 4222 γοῦν

209 4270 248 4332 35
263 4250 315 4310 τοῦ
330 4246 347 4310 ἶ
362 4245 412 4309 καὶ
426 4256 441 4308 ἓ
458 4247 501 4312 είς
516 4255 535 4323 ῆ
551 4246 667 4328 γίνεται
683 4245 803 4329 άδηχές·
830 4249 895 4312 ἐπεὶ
906 4248 939 4311 δέ
949 4246 1041 4326 οἶδας,
1052 4246 1099 4308 ὅτι
1110 4243 1145 4308 τδ
1160 4229 1241 4322 ’ζκαὶ
1257 4243 1292 4308 τὸ
1308 4230 1324 4308 δ
1341 4269 1417 4326 αυγ-

262 4348 383 4434 γένειαν
405 4350 521 4434 έχουσι,
538 4348 677 4430 τρέπεται
699 4350 734 4415 τά
754 4335 774 4414 δ
796 4353 840 4418 είς
864 4352 884 4430 ζ
902 4351 951 4415 καὶ
965 4350 1081 4433 γίνεται
1096 4346 1235 4430 *άζηχέθ

385 4565 422 4599 12.
440 4553 453 4600 θ
466 4553 569 4617 scripsi:
587 4553 618 4602 ὡς
637 4558 647 4611 ΙΙ
669 4566 706 4615 13.
719 4559 726 4581 ⁶
733 4569 850 4618 perverse
861 4553 937 4603 schol.
952 4550 1065 4615 κρθπειν
1077 4567 1121 4615 pro
1132 4547 1242 4599 κάπτειν*
1254 4549 1289 4597 W
