<?xml version="1.0" encoding="UTF-8"?>
<!DOCTYPE html PUBLIC "-//W3C//DTD XHTML 1.0 Transitional//EN"
    "http://www.w3.org/TR/xhtml1/DTD/xhtml1-transitional.dtd">
<html xmlns="http://www.w3.org/1999/xhtml" xml:lang="en" lang="en">
 <head>
  <title>
</title>
<meta http-equiv="Content-Type" content="text/html;charset=utf-8" />
  <meta name='ocr-system' content='tesseract 3.04.00' />
  <meta name='ocr-capabilities' content='ocr_page ocr_carea ocr_par ocr_line ocrx_word'/>
</head>
<body>
  <div class='ocr_page' id='page_1' title='image "./scholiagraecain00dindgoog_0519.png"; bbox 0 0 3000 5040; ppageno 0'>
   <div class='ocr_carea' id='block_1_1' title="bbox 277 240 1013 331">
    <p class='ocr_par' dir='ltr' id='par_1_1' title="bbox 277 240 1013 331">
     <span class='ocr_line' id='line_1_1' title="bbox 277 240 1013 331; baseline -0.005 -19"><span class='ocrx_word' id='word_1_1' title='bbox 277 249 343 312; x_wconf 79' lang='grc' dir='ltr'>οον</span> <span class='ocrx_word' id='word_1_2' title='bbox 694 248 867 310; x_wconf 76' lang='grc' dir='ltr'>ιλιλαον</span> <span class='ocrx_word' id='word_1_3' title='bbox 890 248 923 308; x_wconf 89' lang='lat' dir='ltr'>r.</span> <span class='ocrx_word' id='word_1_4' title='bbox 945 240 1013 331; x_wconf 79' lang='grc' dir='ltr'>(α)</span> 
     </span>
    </p>
   </div>
   <div class='ocr_carea' id='block_1_2' title="bbox 189 413 1439 4677">
    <p class='ocr_par' dir='ltr' id='par_1_2' title="bbox 189 413 1439 4677">
     <span class='ocr_line' id='line_1_2' title="bbox 322 413 738 506; baseline -0.007 -21"><span class='ocrx_word' id='word_1_5' title='bbox 322 437 372 504; x_wconf 90' lang='lat'>99.</span> <span class='ocrx_word' id='word_1_6' title='bbox 395 413 549 506; x_wconf 86' lang='grc' dir='ltr'>πέποσθε]</span> <span class='ocrx_word' id='word_1_7' title='bbox 565 418 738 482; x_wconf 80' lang='grc' dir='ltr'>πεπόνθατε</span> 
     </span>
     <span class='ocr_line' id='line_1_3' title="bbox 323 516 1436 609; baseline -0.004 -23"><span class='ocrx_word' id='word_1_8' title='bbox 323 541 396 586; x_wconf 89' lang='grc'><strong>100.</strong></span> <span class='ocrx_word' id='word_1_9' title='bbox 420 516 529 609; x_wconf 82' lang='grc' dir='ltr'>άρχῆς]</span> <span class='ocrx_word' id='word_1_10' title='bbox 551 519 619 600; x_wconf 85' lang='grc' dir='ltr'>ἤτοι</span> <span class='ocrx_word' id='word_1_11' title='bbox 639 523 691 598; x_wconf 89' lang='grc' dir='ltr'>τῆς</span> <span class='ocrx_word' id='word_1_12' title='bbox 712 521 771 586; x_wconf 77' lang='grc' dir='ltr'>ὑπὸ</span> <span class='ocrx_word' id='word_1_13' title='bbox 784 519 990 603; x_wconf 77' lang='grc' dir='ltr'>Ἀλεξάνδρου</span> <span class='ocrx_word' id='word_1_14' title='bbox 1004 519 1172 605; x_wconf 86' lang='grc' dir='ltr'>γενομένης</span> <span class='ocrx_word' id='word_1_15' title='bbox 1187 517 1342 602; x_wconf 70' lang='grc' dir='ltr'>ἁρπαγῆς·</span> <span class='ocrx_word' id='word_1_16' title='bbox 1369 517 1436 597; x_wconf 69' lang='grc' dir='ltr'>αὕτη</span> 
     </span>
     <span class='ocr_line' id='line_1_4' title="bbox 277 625 539 709; baseline -0.015 -18"><span class='ocrx_word' id='word_1_17' title='bbox 277 625 337 709; x_wconf 78' lang='grc' dir='ltr'>γάρ</span> <span class='ocrx_word' id='word_1_18' title='bbox 351 626 429 709; x_wconf 81' lang='grc' dir='ltr'>άρχῆ</span> <span class='ocrx_word' id='word_1_19' title='bbox 447 629 539 688; x_wconf 83' lang='grc' dir='ltr'>κακοῦ</span> 
     </span>
     <span class='ocr_line' id='line_1_5' title="bbox 325 722 1249 816; baseline 0.001 -24"><span class='ocrx_word' id='word_1_20' title='bbox 325 748 397 813; x_wconf 97' lang='grc'><strong>103.</strong></span> <span class='ocrx_word' id='word_1_21' title='bbox 421 723 536 816; x_wconf 78' lang='grc' dir='ltr'>οἴσετε]</span> <span class='ocrx_word' id='word_1_22' title='bbox 553 730 583 791; x_wconf 78' lang='grc' dir='ltr'>οῖ</span> <span class='ocrx_word' id='word_1_23' title='bbox 597 732 699 811; x_wconf 82' lang='grc' dir='ltr'>Τριῖες</span> <span class='ocrx_word' id='word_1_24' title='bbox 832 746 905 804; x_wconf 85' lang='grc'><strong>104.</strong></span> <span class='ocrx_word' id='word_1_25' title='bbox 928 722 1029 815; x_wconf 84' lang='grc' dir='ltr'>ἡμεῖς]</span> <span class='ocrx_word' id='word_1_26' title='bbox 1046 725 1249 808; x_wconf 82' lang='grc' dir='ltr'>οίἜλληνες</span> 
     </span>
     <span class='ocr_line' id='line_1_6' title="bbox 246 827 931 918; baseline -0.009 -18"><span class='ocrx_word' id='word_1_27' title='bbox 246 841 265 901; x_wconf 87' lang='lat'><strong>5</strong></span> <span class='ocrx_word' id='word_1_28' title='bbox 325 845 397 912; x_wconf 85' lang='lat'>107.</span> <span class='ocrx_word' id='word_1_29' title='bbox 418 827 609 918; x_wconf 78' lang='grc' dir='ltr'>ὑπερβασίῃ]</span> <span class='ocrx_word' id='word_1_30' title='bbox 627 829 812 912; x_wconf 84' lang='grc' dir='ltr'>παραβάσει,</span> <span class='ocrx_word' id='word_1_31' title='bbox 829 831 931 915; x_wconf 77' lang='grc' dir='ltr'>ἀδικίᾳ</span> 
     </span>
     <span class='ocr_line' id='line_1_7' title="bbox 325 928 1438 1021; baseline -0.004 -23"><span class='ocrx_word' id='word_1_32' title='bbox 325 933 396 1000; x_wconf 91' lang='lat'>108.</span> <span class='ocrx_word' id='word_1_33' title='bbox 418 930 607 1021; x_wconf 81' lang='grc' dir='ltr'>ἠερέθονται]</span> <span class='ocrx_word' id='word_1_34' title='bbox 639 933 706 1012; x_wconf 87' lang='grc' dir='ltr'>ἤτοι</span> <span class='ocrx_word' id='word_1_35' title='bbox 736 933 958 1016; x_wconf 83' lang='grc' dir='ltr'>άπαιωροῢνται</span> <span class='ocrx_word' id='word_1_36' title='bbox 988 931 1159 1013; x_wconf 73' lang='grc' dir='ltr'>κρέμανται,</span> <span class='ocrx_word' id='word_1_37' title='bbox 1191 934 1263 996; x_wconf 84' lang='grc' dir='ltr'>οῖον</span> <span class='ocrx_word' id='word_1_38' title='bbox 1294 928 1351 993; x_wconf 74' lang='grc' dir='ltr'>οὐκ</span> <span class='ocrx_word' id='word_1_39' title='bbox 1382 931 1438 994; x_wconf 85' lang='grc' dir='ltr'>είσῖ</span> 
     </span>
     <span class='ocr_line' id='line_1_8' title="bbox 279 1032 1438 1117; baseline -0.003 -17"><span class='ocrx_word' id='word_1_40' title='bbox 279 1038 425 1117; x_wconf 81' lang='grc' dir='ltr'>σταθεραῖ</span> <span class='ocrx_word' id='word_1_41' title='bbox 449 1033 521 1100; x_wconf 78' lang='grc' dir='ltr'>ἀλλ’</span> <span class='ocrx_word' id='word_1_42' title='bbox 547 1035 702 1117; x_wconf 85' lang='grc' dir='ltr'>άβέβαιοι,</span> <span class='ocrx_word' id='word_1_43' title='bbox 726 1033 744 1115; x_wconf 86' lang='grc' dir='ltr'>ῆ</span> <span class='ocrx_word' id='word_1_44' title='bbox 768 1036 960 1116; x_wconf 87' lang='grc' dir='ltr'>μετάβλητοί</span> <span class='ocrx_word' id='word_1_45' title='bbox 986 1038 1048 1100; x_wconf 90' lang='grc' dir='ltr'>είσι</span> <span class='ocrx_word' id='word_1_46' title='bbox 1073 1039 1123 1101; x_wconf 80' lang='grc' dir='ltr'>διδ</span> <span class='ocrx_word' id='word_1_47' title='bbox 1149 1035 1185 1099; x_wconf 82' lang='grc' dir='ltr'>τό</span> <span class='ocrx_word' id='word_1_48' title='bbox 1209 1034 1269 1098; x_wconf 84' lang='grc' dir='ltr'>τὸν</span> <span class='ocrx_word' id='word_1_49' title='bbox 1293 1032 1372 1114; x_wconf 87' lang='grc' dir='ltr'>άέρα</span> <span class='ocrx_word' id='word_1_50' title='bbox 1394 1033 1438 1097; x_wconf 74' lang='grc' dir='ltr'>δεῖ</span> 
     </span>
     <span class='ocr_line' id='line_1_9' title="bbox 278 1136 1184 1227; baseline -0.001 -22"><span class='ocrx_word' id='word_1_51' title='bbox 278 1141 532 1221; x_wconf 83' lang='grc' dir='ltr'>μεταβάλλεσθαι</span> <span class='ocrx_word' id='word_1_52' title='bbox 665 1159 736 1225; x_wconf 86' lang='grc'><strong>113.</strong></span> <span class='ocrx_word' id='word_1_53' title='bbox 759 1142 792 1203; x_wconf 88' lang='grc' dir='ltr'>ἐκ</span> <span class='ocrx_word' id='word_1_54' title='bbox 809 1142 834 1204; x_wconf 84' lang='grc' dir='ltr'>δ’</span> <span class='ocrx_word' id='word_1_55' title='bbox 851 1136 944 1227; x_wconf 87' lang='grc' dir='ltr'>ἐβαν]</span> <span class='ocrx_word' id='word_1_56' title='bbox 962 1139 1135 1219; x_wconf 89' lang='grc' dir='ltr'>κατέβησαν</span> <span class='ocrx_word' id='word_1_57' title='bbox 1149 1137 1184 1203; x_wconf 88' lang='grc' dir='ltr'>δέ</span> 
     </span>
     <span class='ocr_line' id='line_1_10' title="bbox 325 1235 1427 1327; baseline -0.005 -20"><span class='ocrx_word' id='word_1_58' title='bbox 325 1255 399 1324; x_wconf 84' lang='grc'><strong>115.</strong></span> <span class='ocrx_word' id='word_1_59' title='bbox 422 1245 517 1325; x_wconf 81' lang='grc' dir='ltr'>άμφὶς</span> <span class='ocrx_word' id='word_1_60' title='bbox 533 1242 658 1327; x_wconf 77' lang='grc' dir='ltr'>ἄρουρα]</span> <span class='ocrx_word' id='word_1_61' title='bbox 673 1243 708 1307; x_wconf 82' lang='grc' dir='ltr'>τό</span> <span class='ocrx_word' id='word_1_62' title='bbox 722 1245 903 1326; x_wconf 87' lang='grc' dir='ltr'>μεταίχμιον</span> <span class='ocrx_word' id='word_1_63' title='bbox 918 1244 1060 1323; x_wconf 90' lang='grc' dir='ltr'>δηλονότι</span> <span class='ocrx_word' id='word_1_64' title='bbox 1173 1260 1248 1323; x_wconf 91' lang='lat'>119.</span> <span class='ocrx_word' id='word_1_65' title='bbox 1272 1235 1359 1327; x_wconf 76' lang='grc' dir='ltr'>ἄρν’]</span> <span class='ocrx_word' id='word_1_66' title='bbox 1375 1239 1427 1303; x_wconf 76' lang='grc' dir='ltr'>ἕνα</span> 
     </span>
     <span class='ocr_line' id='line_1_11' title="bbox 231 1343 1439 1434; baseline -0.004 -21"><span class='ocrx_word' id='word_1_67' title='bbox 231 1366 268 1406; x_wconf 87' lang='lat'>10</span> <span class='ocrx_word' id='word_1_68' title='bbox 326 1367 397 1413; x_wconf 89' lang='lat'>121.</span> <span class='ocrx_word' id='word_1_69' title='bbox 417 1343 507 1434; x_wconf 84' lang='grc' dir='ltr'>Ἰρις]</span> <span class='ocrx_word' id='word_1_70' title='bbox 531 1348 673 1429; x_wconf 79' lang='grc' dir='ltr'>σημαίνει</span> <span class='ocrx_word' id='word_1_71' title='bbox 691 1348 754 1422; x_wconf 78' lang='grc' dir='ltr'>δύο,</span> <span class='ocrx_word' id='word_1_72' title='bbox 776 1347 831 1427; x_wconf 76' lang='grc' dir='ltr'>τὴν</span> <span class='ocrx_word' id='word_1_73' title='bbox 849 1349 1038 1427; x_wconf 82' lang='grc' dir='ltr'>σωματοειδῆ</span> <span class='ocrx_word' id='word_1_74' title='bbox 1055 1348 1128 1410; x_wconf 74' lang='grc' dir='ltr'>θεὰν</span> <span class='ocrx_word' id='word_1_75' title='bbox 1143 1347 1194 1410; x_wconf 80' lang='grc' dir='ltr'>καὶ</span> <span class='ocrx_word' id='word_1_76' title='bbox 1207 1351 1247 1408; x_wconf 89' lang='grc' dir='ltr'>τδ</span> <span class='ocrx_word' id='word_1_77' title='bbox 1264 1347 1439 1425; x_wconf 80' lang='grc' dir='ltr'>νεφελῶδες</span> 
     </span>
     <span class='ocr_line' id='line_1_12' title="bbox 280 1450 421 1530; baseline 0 -16"><span class='ocrx_word' id='word_1_78' title='bbox 280 1450 421 1530; x_wconf 79' lang='grc' dir='ltr'>οτίστημα</span> 
     </span>
     <span class='ocr_line' id='line_1_13' title="bbox 325 1549 1353 1641; baseline -0.006 -22"><span class='ocrx_word' id='word_1_79' title='bbox 325 1572 397 1619; x_wconf 83' lang='lat'>122·</span> <span class='ocrx_word' id='word_1_80' title='bbox 419 1549 539 1641; x_wconf 81' lang='grc' dir='ltr'>γαλόῳ]</span> <span class='ocrx_word' id='word_1_81' title='bbox 555 1554 573 1633; x_wconf 80' lang='grc' dir='ltr'><em>ἡ</em></span> <span class='ocrx_word' id='word_1_82' title='bbox 589 1552 694 1636; x_wconf 88' lang='grc' dir='ltr'>γάλιος</span> <span class='ocrx_word' id='word_1_83' title='bbox 708 1557 761 1634; x_wconf 80' lang='grc' dir='ltr'>τῆς</span> <span class='ocrx_word' id='word_1_84' title='bbox 775 1553 861 1636; x_wconf 77' lang='grc' dir='ltr'>γάλα)</span> <span class='ocrx_word' id='word_1_85' title='bbox 877 1554 927 1618; x_wconf 81' lang='grc' dir='ltr'>καὶ</span> <span class='ocrx_word' id='word_1_86' title='bbox 942 1552 1125 1636; x_wconf 70' lang='grc' dir='ltr'>πλεονασμῷ</span> <span class='ocrx_word' id='word_1_87' title='bbox 1141 1556 1194 1615; x_wconf 84' lang='grc' dir='ltr'>τοῦ</span> <span class='ocrx_word' id='word_1_88' title='bbox 1208 1555 1227 1614; x_wconf 87' lang='grc' dir='ltr'>ὀ</span> <span class='ocrx_word' id='word_1_89' title='bbox 1242 1551 1353 1632; x_wconf 84' lang='grc' dir='ltr'>γαλόω</span> 
     </span>
     <span class='ocr_line' id='line_1_14' title="bbox 419 1651 1265 1746; baseline 0.001 -27"><span class='ocrx_word' id='word_1_90' title='bbox 419 1653 648 1746; x_wconf 74' lang='grc' dir='ltr'>Ἀντηνορίδαο]</span> <span class='ocrx_word' id='word_1_91' title='bbox 665 1662 718 1721; x_wconf 82' lang='grc' dir='ltr'>τοῦ</span> <span class='ocrx_word' id='word_1_92' title='bbox 731 1660 799 1722; x_wconf 73' lang='grc' dir='ltr'>υἱοῦ</span> <span class='ocrx_word' id='word_1_93' title='bbox 814 1662 868 1720; x_wconf 83' lang='grc' dir='ltr'>τοῦ</span> <span class='ocrx_word' id='word_1_94' title='bbox 882 1654 1065 1735; x_wconf 79' lang='grc' dir='ltr'>Ἀντήνορος</span> <span class='ocrx_word' id='word_1_95' title='bbox 1078 1651 1265 1720; x_wconf 66' lang='grc' dir='ltr'>Ἐλικάονος</span> 
     </span>
     <span class='ocr_line' id='line_1_15' title="bbox 326 1754 1437 1848; baseline -0.004 -24"><span class='ocrx_word' id='word_1_96' title='bbox 326 1759 397 1826; x_wconf 74' lang='grc'><strong>116.</strong></span> <span class='ocrx_word' id='word_1_97' title='bbox 421 1757 608 1848; x_wconf 72' lang='grc' dir='ltr'>ἐνέπασσεν]</span> <span class='ocrx_word' id='word_1_98' title='bbox 632 1762 852 1826; x_wconf 85' lang='grc' dir='ltr'>ἐνεποίκιλλεν·</span> <span class='ocrx_word' id='word_1_99' title='bbox 883 1761 954 1825; x_wconf 89' lang='grc' dir='ltr'>όθεν</span> <span class='ocrx_word' id='word_1_100' title='bbox 976 1760 1025 1823; x_wconf 87' lang='grc' dir='ltr'>καὶ</span> <span class='ocrx_word' id='word_1_101' title='bbox 1041 1757 1078 1821; x_wconf 82' lang='grc' dir='ltr'>τὰ</span> <span class='ocrx_word' id='word_1_102' title='bbox 1093 1759 1221 1822; x_wconf 86' lang='grc' dir='ltr'>ποικίλα</span> <span class='ocrx_word' id='word_1_103' title='bbox 1236 1754 1437 1839; x_wconf 83' lang='grc' dir='ltr'>παραπετάσ-</span> 
     </span>
     <span class='ocr_line' id='line_1_16' title="bbox 230 1862 662 1945; baseline -0.002 -16"><span class='ocrx_word' id='word_1_104' title='bbox 230 1884 266 1945; x_wconf 83' lang='lat'>15</span> <span class='ocrx_word' id='word_1_105' title='bbox 279 1890 360 1945; x_wconf 85' lang='grc' dir='ltr'>ματα</span> <span class='ocrx_word' id='word_1_106' title='bbox 374 1862 486 1928; x_wconf 79' lang='grc' dir='ltr'>παστοὶ</span> <span class='ocrx_word' id='word_1_107' title='bbox 501 1870 662 1931; x_wconf 83' lang='grc' dir='ltr'>καλοῦνται</span> 
     </span>
     <span class='ocr_line' id='line_1_17' title="bbox 325 1964 1004 2055; baseline 0.004 -24"><span class='ocrx_word' id='word_1_108' title='bbox 325 1981 398 2052; x_wconf 84' lang='grc'><strong>135.</strong></span> <span class='ocrx_word' id='word_1_109' title='bbox 420 1964 693 2055; x_wconf 76' lang='grc' dir='ltr'>παρὰ-πέπηγεν]</span> <span class='ocrx_word' id='word_1_110' title='bbox 710 1966 888 2050; x_wconf 84' lang='grc' dir='ltr'>παράκειται</span> <span class='ocrx_word' id='word_1_111' title='bbox 903 1966 1004 2034; x_wconf 79' lang='grc' dir='ltr'>αὐτοῖς</span> 
     </span>
     <span class='ocr_line' id='line_1_18' title="bbox 324 2066 785 2158; baseline 0.007 -23"><span class='ocrx_word' id='word_1_112' title='bbox 324 2073 397 2135; x_wconf 90' lang='grc'><strong>160.</strong></span> <span class='ocrx_word' id='word_1_113' title='bbox 419 2066 576 2158; x_wconf 89' lang='grc' dir='ltr'>τεκέεσσι]</span> <span class='ocrx_word' id='word_1_114' title='bbox 593 2076 656 2138; x_wconf 90' lang='grc' dir='ltr'>τοῖς</span> <span class='ocrx_word' id='word_1_115' title='bbox 671 2070 785 2138; x_wconf 91' lang='grc' dir='ltr'>τέκνοις</span> 
     </span>
     <span class='ocr_line' id='line_1_19' title="bbox 325 2170 1435 2258; baseline -0.001 -21"><span class='ocrx_word' id='word_1_116' title='bbox 325 2174 397 2240; x_wconf 90' lang='grc'><strong>166.</strong></span> <span class='ocrx_word' id='word_1_117' title='bbox 415 2174 536 2255; x_wconf 86' lang='grc' dir='ltr'>άπορία.</span> <span class='ocrx_word' id='word_1_118' title='bbox 563 2173 703 2253; x_wconf 77' lang='grc' dir='ltr'>ἐζήτηται</span> <span class='ocrx_word' id='word_1_119' title='bbox 718 2180 782 2241; x_wconf 85' lang='grc' dir='ltr'>πῶς</span> <span class='ocrx_word' id='word_1_120' title='bbox 797 2175 935 2255; x_wconf 87' lang='grc' dir='ltr'>Πρίαμος</span> <span class='ocrx_word' id='word_1_121' title='bbox 948 2176 981 2238; x_wconf 87' lang='grc' dir='ltr'>ἐν</span> <span class='ocrx_word' id='word_1_122' title='bbox 995 2174 1037 2258; x_wconf 70' lang='grc' dir='ltr'>τῷ</span> <span class='ocrx_word' id='word_1_123' title='bbox 1053 2170 1074 2236; x_wconf 83' lang='grc' dir='ltr'>ι’</span> <span class='ocrx_word' id='word_1_124' title='bbox 1088 2173 1150 2237; x_wconf 88' lang='grc' dir='ltr'>ἐτει</span> <span class='ocrx_word' id='word_1_125' title='bbox 1164 2170 1352 2237; x_wconf 87' lang='grc' dir='ltr'>πυνθάνεται</span> <span class='ocrx_word' id='word_1_126' title='bbox 1367 2173 1435 2253; x_wconf 85' lang='grc' dir='ltr'>περὶ</span> 
     </span>
     <span class='ocr_line' id='line_1_20' title="bbox 280 2275 1434 2359; baseline -0.003 -19"><span class='ocrx_word' id='word_1_127' title='bbox 280 2282 340 2340; x_wconf 65' lang='lat' dir='ltr'>rev</span> <span class='ocrx_word' id='word_1_128' title='bbox 360 2279 500 2358; x_wconf 77' lang='grc' dir='ltr'>ἀρίστων.</span> <span class='ocrx_word' id='word_1_129' title='bbox 530 2279 635 2357; x_wconf 74' lang='grc' dir='ltr'>ἐπειδὴ</span> <span class='ocrx_word' id='word_1_130' title='bbox 654 2279 801 2359; x_wconf 88' lang='grc' dir='ltr'>πρότερον</span> <span class='ocrx_word' id='word_1_131' title='bbox 823 2279 892 2358; x_wconf 86' lang='grc' dir='ltr'>περὶ</span> <span class='ocrx_word' id='word_1_132' title='bbox 910 2280 963 2343; x_wconf 75' lang='grc' dir='ltr'>τὰς</span> <span class='ocrx_word' id='word_1_133' title='bbox 985 2276 1200 2358; x_wconf 72' lang='grc' dir='ltr'>ἀστυγείτονας</span> <span class='ocrx_word' id='word_1_134' title='bbox 1214 2275 1326 2341; x_wconf 90' lang='grc' dir='ltr'>πόλεις</span> <span class='ocrx_word' id='word_1_135' title='bbox 1342 2277 1434 2339; x_wconf 81' lang='grc' dir='ltr'>ἐπλα-</span> 
     </span>
     <span class='ocr_line' id='line_1_21' title="bbox 229 2376 1434 2469; baseline -0.002 -24"><span class='ocrx_word' id='word_1_136' title='bbox 229 2404 268 2445; x_wconf 78' lang='grc' dir='ltr'>νο</span> <span class='ocrx_word' id='word_1_137' title='bbox 281 2385 385 2456; x_wconf 81' lang='grc' dir='ltr'>νεῖντο,</span> <span class='ocrx_word' id='word_1_138' title='bbox 408 2386 460 2447; x_wconf 79' lang='grc' dir='ltr'>νῦν</span> <span class='ocrx_word' id='word_1_139' title='bbox 482 2383 515 2445; x_wconf 79' lang='grc' dir='ltr'>δέ</span> <span class='ocrx_word' id='word_1_140' title='bbox 537 2377 797 2469; x_wconf 77' lang='grc' dir='ltr'>προ]σ]κάθηνται</span> <span class='ocrx_word' id='word_1_141' title='bbox 820 2383 856 2467; x_wconf 81' lang='grc' dir='ltr'>τῇ</span> <span class='ocrx_word' id='word_1_142' title='bbox 880 2377 973 2465; x_wconf 78' lang='grc' dir='ltr'>Ἰλίῳ.</span> <span class='ocrx_word' id='word_1_143' title='bbox 1005 2378 1087 2457; x_wconf 86' lang='grc' dir='ltr'>ῆότι</span> <span class='ocrx_word' id='word_1_144' title='bbox 1101 2381 1292 2461; x_wconf 77' lang='grc' dir='ltr'>πρῶτονμὲν</span> <span class='ocrx_word' id='word_1_145' title='bbox 1307 2378 1363 2441; x_wconf 77' lang='grc' dir='ltr'>οὐκ</span> <span class='ocrx_word' id='word_1_146' title='bbox 1380 2376 1434 2458; x_wconf 82' lang='grc' dir='ltr'>ῆγε</span> 
     </span>
     <span class='ocr_line' id='line_1_22' title="bbox 281 2480 1432 2566; baseline -0.003 -19"><span class='ocrx_word' id='word_1_147' title='bbox 281 2484 402 2566; x_wconf 78' lang='grc' dir='ltr'>σχολὴν</span> <span class='ocrx_word' id='word_1_148' title='bbox 423 2482 569 2546; x_wconf 87' lang='grc' dir='ltr'>πυθέσθαι</span> <span class='ocrx_word' id='word_1_149' title='bbox 589 2486 658 2564; x_wconf 81' lang='grc' dir='ltr'>περὶ</span> <span class='ocrx_word' id='word_1_150' title='bbox 678 2484 783 2562; x_wconf 80' lang='grc' dir='ltr'>αὐτῶν,</span> <span class='ocrx_word' id='word_1_151' title='bbox 804 2489 857 2547; x_wconf 81' lang='grc' dir='ltr'>τοῦ</span> <span class='ocrx_word' id='word_1_152' title='bbox 876 2480 1047 2566; x_wconf 86' lang='grc' dir='ltr'>Ἀχιλλέως</span> <span class='ocrx_word' id='word_1_153' title='bbox 1068 2484 1200 2565; x_wconf 83' lang='grc' dir='ltr'>ίσχορῶς</span> <span class='ocrx_word' id='word_1_154' title='bbox 1215 2481 1320 2548; x_wconf 77' lang='grc' dir='ltr'>αὐτοῖς</span> <span class='ocrx_word' id='word_1_155' title='bbox 1336 2483 1432 2562; x_wconf 87' lang='grc' dir='ltr'>ἐγκει·</span> 
     </span>
     <span class='ocr_line' id='line_1_23' title="bbox 276 2584 1433 2670; baseline -0.002 -21"><span class='ocrx_word' id='word_1_156' title='bbox 276 2584 369 2666; x_wconf 90' lang='grc' dir='ltr'>μένον</span> <span class='ocrx_word' id='word_1_157' title='bbox 389 2586 438 2650; x_wconf 84' lang='grc' dir='ltr'>καὶ</span> <span class='ocrx_word' id='word_1_158' title='bbox 463 2587 557 2667; x_wconf 90' lang='grc' dir='ltr'>μόνον</span> <span class='ocrx_word' id='word_1_159' title='bbox 584 2587 689 2652; x_wconf 80' lang='grc' dir='ltr'>ἑαυτὸν</span> <span class='ocrx_word' id='word_1_160' title='bbox 713 2587 813 2654; x_wconf 82' lang='grc' dir='ltr'>αὐτοῖς</span> <span class='ocrx_word' id='word_1_161' title='bbox 836 2585 1057 2652; x_wconf 81' lang='grc' dir='ltr'>ἐπιδεικνύντος</span> <span class='ocrx_word' id='word_1_162' title='bbox 1080 2586 1129 2650; x_wconf 84' lang='grc' dir='ltr'>καὶ</span> <span class='ocrx_word' id='word_1_163' title='bbox 1153 2586 1193 2670; x_wconf 71' lang='grc' dir='ltr'>τῷ</span> <span class='ocrx_word' id='word_1_164' title='bbox 1218 2585 1314 2668; x_wconf 83' lang='grc' dir='ltr'>φόβῳ</span> <span class='ocrx_word' id='word_1_165' title='bbox 1343 2608 1433 2648; x_wconf 88' lang='grc' dir='ltr'>κατα·</span> 
     </span>
     <span class='ocr_line' id='line_1_24' title="bbox 189 2686 1432 2772; baseline -0.003 -19"><span class='ocrx_word' id='word_1_166' title='bbox 189 2698 196 2708; x_wconf 89' lang='grc'><strong>’</strong></span> <span class='ocrx_word' id='word_1_167' title='bbox 279 2691 439 2756; x_wconf 71' lang='grc' dir='ltr'>πλείστους</span> <span class='ocrx_word' id='word_1_168' title='bbox 459 2690 818 2772; x_wconf 79' lang='grc' dir='ltr'>ποιοῦντος-ἐφρόντιζε</span> <span class='ocrx_word' id='word_1_169' title='bbox 841 2692 899 2771; x_wconf 75' lang='grc' dir='ltr'>γὰρ</span> <span class='ocrx_word' id='word_1_170' title='bbox 925 2688 960 2752; x_wconf 82' lang='grc' dir='ltr'>τὸ</span> <span class='ocrx_word' id='word_1_171' title='bbox 989 2693 1151 2767; x_wconf 83' lang='grc' dir='ltr'>τηνικαῦτα</span> <span class='ocrx_word' id='word_1_172' title='bbox 1181 2690 1197 2751; x_wconf 88' lang='grc' dir='ltr'>ό</span> <span class='ocrx_word' id='word_1_173' title='bbox 1227 2689 1369 2768; x_wconf 87' lang='grc' dir='ltr'>Πρίαμος</span> <span class='ocrx_word' id='word_1_174' title='bbox 1398 2686 1432 2749; x_wconf 81' lang='grc' dir='ltr'>οὗ</span> 
     </span>
     <span class='ocr_line' id='line_1_25' title="bbox 279 2791 1433 2877; baseline 0.001 -22"><span class='ocrx_word' id='word_1_175' title='bbox 279 2791 349 2875; x_wconf 79' lang='grc' dir='ltr'>περὶ</span> <span class='ocrx_word' id='word_1_176' title='bbox 368 2794 490 2869; x_wconf 77' lang='grc' dir='ltr'>τούτων,</span> <span class='ocrx_word' id='word_1_177' title='bbox 506 2793 588 2856; x_wconf 77' lang='grc' dir='ltr'>ἀλλὰ</span> <span class='ocrx_word' id='word_1_178' title='bbox 609 2792 677 2875; x_wconf 80' lang='grc' dir='ltr'>περὶ</span> <span class='ocrx_word' id='word_1_179' title='bbox 697 2797 749 2856; x_wconf 84' lang='grc' dir='ltr'>τοῦ</span> <span class='ocrx_word' id='word_1_180' title='bbox 768 2791 920 2877; x_wconf 60' lang='grc' dir='ltr'>σχίζεσθαι</span> <span class='ocrx_word' id='word_1_181' title='bbox 939 2792 994 2872; x_wconf 80' lang='grc' dir='ltr'>τῆν</span> <span class='ocrx_word' id='word_1_182' title='bbox 1013 2793 1201 2855; x_wconf 83' lang='grc' dir='ltr'>πόλιν-νῦν</span> <span class='ocrx_word' id='word_1_183' title='bbox 1216 2793 1249 2855; x_wconf 77' lang='grc' dir='ltr'>δέ</span> <span class='ocrx_word' id='word_1_184' title='bbox 1265 2797 1433 2871; x_wconf 84' lang='grc' dir='ltr'>μηνιῶντος</span> 
     </span>
     <span class='ocr_line' id='line_1_26' title="bbox 229 2894 1433 2979; baseline 0 -20"><span class='ocrx_word' id='word_1_185' title='bbox 229 2913 266 2972; x_wconf 82' lang='lat'>25</span> <span class='ocrx_word' id='word_1_186' title='bbox 280 2897 396 2960; x_wconf 89' lang='grc' dir='ltr'>ἐκείνου</span> <span class='ocrx_word' id='word_1_187' title='bbox 417 2898 467 2960; x_wconf 84' lang='grc' dir='ltr'>καὶ</span> <span class='ocrx_word' id='word_1_188' title='bbox 491 2897 656 2978; x_wconf 78' lang='grc' dir='ltr'>ἰσορρόπου</span> <span class='ocrx_word' id='word_1_189' title='bbox 676 2899 729 2975; x_wconf 87' lang='grc' dir='ltr'>τῆς</span> <span class='ocrx_word' id='word_1_190' title='bbox 750 2894 851 2979; x_wconf 84' lang='grc' dir='ltr'>μάχης</span> <span class='ocrx_word' id='word_1_191' title='bbox 872 2894 1083 2978; x_wconf 87' lang='grc' dir='ltr'>γεγενημένης,</span> <span class='ocrx_word' id='word_1_192' title='bbox 1102 2895 1141 2960; x_wconf 77' lang='grc' dir='ltr'>ὥς</span> <span class='ocrx_word' id='word_1_193' title='bbox 1164 2895 1213 2958; x_wconf 88' lang='grc' dir='ltr'>καὶ</span> <span class='ocrx_word' id='word_1_194' title='bbox 1235 2899 1289 2957; x_wconf 84' lang='grc' dir='ltr'>τοῦ</span> <span class='ocrx_word' id='word_1_195' title='bbox 1312 2895 1433 2977; x_wconf 85' lang='grc' dir='ltr'>τείχους</span> 
     </span>
     <span class='ocr_line' id='line_1_27' title="bbox 278 2997 1433 3083; baseline -0.002 -21"><span class='ocrx_word' id='word_1_196' title='bbox 278 3001 373 3083; x_wconf 81' lang='grc' dir='ltr'>χωρὶς</span> <span class='ocrx_word' id='word_1_197' title='bbox 392 3005 538 3081; x_wconf 83' lang='grc' dir='ltr'>πολεμεῖν</span> <span class='ocrx_word' id='word_1_198' title='bbox 552 3000 621 3067; x_wconf 83' lang='grc' dir='ltr'>τοὺς</span> <span class='ocrx_word' id='word_1_199' title='bbox 639 3004 754 3080; x_wconf 83' lang='grc' dir='ltr'>Τρῶας,</span> <span class='ocrx_word' id='word_1_200' title='bbox 770 3000 893 3067; x_wconf 87' lang='grc' dir='ltr'>είκότως</span> <span class='ocrx_word' id='word_1_201' title='bbox 915 2997 983 3080; x_wconf 80' lang='grc' dir='ltr'>περὶ</span> <span class='ocrx_word' id='word_1_202' title='bbox 1002 2999 1100 3063; x_wconf 80' lang='grc' dir='ltr'>αὐτῶν</span> <span class='ocrx_word' id='word_1_203' title='bbox 1114 2997 1305 3063; x_wconf 89' lang='grc' dir='ltr'>πυνθάνεται.</span> <span class='ocrx_word' id='word_1_204' title='bbox 1338 2997 1433 3079; x_wconf 85' lang='grc' dir='ltr'>έπεροι</span> 
     </span>
     <span class='ocr_line' id='line_1_28' title="bbox 279 3100 1430 3185; baseline -0.003 -18"><span class='ocrx_word' id='word_1_205' title='bbox 279 3101 313 3167; x_wconf 89' lang='grc' dir='ltr'>δέ</span> <span class='ocrx_word' id='word_1_206' title='bbox 331 3111 438 3185; x_wconf 83' lang='grc' dir='ltr'>φασιν,</span> <span class='ocrx_word' id='word_1_207' title='bbox 455 3104 502 3168; x_wconf 83' lang='grc' dir='ltr'>ὅτι</span> <span class='ocrx_word' id='word_1_208' title='bbox 521 3104 582 3168; x_wconf 81' lang='grc' dir='ltr'>ἀπὸ</span> <span class='ocrx_word' id='word_1_209' title='bbox 601 3107 655 3183; x_wconf 89' lang='grc' dir='ltr'>τῆς</span> <span class='ocrx_word' id='word_1_210' title='bbox 673 3103 847 3169; x_wconf 88' lang='grc' dir='ltr'>πανοπλίας</span> <span class='ocrx_word' id='word_1_211' title='bbox 867 3101 916 3166; x_wconf 76' lang='grc' dir='ltr'>καὶ</span> <span class='ocrx_word' id='word_1_212' title='bbox 935 3108 996 3166; x_wconf 80' lang='grc' dir='ltr'>τῶν</span> <span class='ocrx_word' id='word_1_213' title='bbox 1011 3104 1113 3166; x_wconf 80' lang='grc' dir='ltr'>ἵππιον</span> <span class='ocrx_word' id='word_1_214' title='bbox 1130 3100 1237 3167; x_wconf 79' lang='grc' dir='ltr'>αὐτοὺς</span> <span class='ocrx_word' id='word_1_215' title='bbox 1258 3100 1430 3183; x_wconf 75' lang='grc' dir='ltr'>ἐγνώριζον,</span> 
     </span>
     <span class='ocr_line' id='line_1_29' title="bbox 279 3204 1240 3289; baseline -0.003 -19"><span class='ocrx_word' id='word_1_216' title='bbox 279 3207 427 3289; x_wconf 90' lang='grc' dir='ltr'>πρότερον</span> <span class='ocrx_word' id='word_1_217' title='bbox 442 3209 475 3271; x_wconf 81' lang='grc' dir='ltr'>δέ</span> <span class='ocrx_word' id='word_1_218' title='bbox 490 3207 525 3271; x_wconf 79' lang='grc' dir='ltr'>οὐ</span> <span class='ocrx_word' id='word_1_219' title='bbox 540 3206 664 3271; x_wconf 92' lang='grc' dir='ltr'>τεθέατο</span> <span class='ocrx_word' id='word_1_220' title='bbox 680 3207 756 3270; x_wconf 80' lang='grc' dir='ltr'>οὕτω</span> <span class='ocrx_word' id='word_1_221' title='bbox 772 3204 887 3273; x_wconf 89' lang='grc' dir='ltr'>πάντας</span> <span class='ocrx_word' id='word_1_222' title='bbox 901 3207 1036 3272; x_wconf 79' lang='grc' dir='ltr'>ἀόπλους</span> <span class='ocrx_word' id='word_1_223' title='bbox 1051 3205 1091 3271; x_wconf 78' lang='grc' dir='ltr'>ὣς</span> <span class='ocrx_word' id='word_1_224' title='bbox 1107 3211 1160 3270; x_wconf 82' lang='grc' dir='ltr'>νῦν</span> <span class='ocrx_word' id='word_1_225' title='bbox 1174 3205 1240 3275; x_wconf 80' lang='lat' dir='ltr'>A÷</span> 
     </span>
     <span class='ocr_line' id='line_1_30' title="bbox 325 3305 1308 3396; baseline -0.003 -23"><span class='ocrx_word' id='word_1_226' title='bbox 325 3326 399 3390; x_wconf 82' lang='lat'>172.</span> <span class='ocrx_word' id='word_1_227' title='bbox 423 3305 522 3396; x_wconf 84' lang='grc' dir='ltr'>ἐκυρέ]</span> <span class='ocrx_word' id='word_1_228' title='bbox 540 3309 642 3391; x_wconf 81' lang='grc' dir='ltr'>ἑκυρὸς</span> <span class='ocrx_word' id='word_1_229' title='bbox 658 3315 739 3390; x_wconf 76' lang='grc' dir='ltr'>παρὰ</span> <span class='ocrx_word' id='word_1_230' title='bbox 754 3313 817 3375; x_wconf 93' lang='grc' dir='ltr'>τοῖς</span> <span class='ocrx_word' id='word_1_231' title='bbox 833 3309 971 3392; x_wconf 78' lang='grc' dir='ltr'>ἀρχαίοις</span> <span class='ocrx_word' id='word_1_232' title='bbox 986 3311 1003 3371; x_wconf 87' lang='grc' dir='ltr'>ὁ</span> <span class='ocrx_word' id='word_1_233' title='bbox 1018 3314 1071 3372; x_wconf 80' lang='grc' dir='ltr'>τοῦ</span> <span class='ocrx_word' id='word_1_234' title='bbox 1087 3310 1194 3390; x_wconf 83' lang='grc' dir='ltr'>άνδρδς</span> <span class='ocrx_word' id='word_1_235' title='bbox 1209 3305 1308 3389; x_wconf 75' lang='grc' dir='ltr'>πατήρ</span> 
     </span>
     <span class='ocr_line' id='line_1_31' title="bbox 228 3407 1431 3500; baseline -0.004 -20"><span class='ocrx_word' id='word_1_236' title='bbox 228 3438 267 3498; x_wconf 77' lang='lat'>30</span> <span class='ocrx_word' id='word_1_237' title='bbox 326 3426 398 3494; x_wconf 87' lang='lat'><strong><em>175.</em></strong></span> <span class='ocrx_word' id='word_1_238' title='bbox 421 3408 603 3500; x_wconf 87' lang='grc' dir='ltr'>τηλυγέτην]</span> <span class='ocrx_word' id='word_1_239' title='bbox 619 3415 778 3494; x_wconf 81' lang='grc' dir='ltr'>μονογενῆ.</span> <span class='ocrx_word' id='word_1_240' title='bbox 809 3412 969 3495; x_wconf 78' lang='grc' dir='ltr'>ἀγαπητὴν</span> <span class='ocrx_word' id='word_1_241' title='bbox 985 3415 1135 3494; x_wconf 82' lang='grc' dir='ltr'>μονογενῆ</span> <span class='ocrx_word' id='word_1_242' title='bbox 1194 3407 1431 3499; x_wconf 83' lang='grc' dir='ltr'>[κα]ταχρηστι-</span> 
     </span>
     <span class='ocr_line' id='line_1_32' title="bbox 280 3510 1432 3602; baseline 0.003 -24"><span class='ocrx_word' id='word_1_243' title='bbox 280 3521 339 3582; x_wconf 83' lang='grc' dir='ltr'>κῶς</span> <span class='ocrx_word' id='word_1_244' title='bbox 359 3517 392 3579; x_wconf 80' lang='grc' dir='ltr'>δέ</span> <span class='ocrx_word' id='word_1_245' title='bbox 408 3514 502 3579; x_wconf 85' lang='grc' dir='ltr'>εἶπεν·</span> <span class='ocrx_word' id='word_1_246' title='bbox 528 3510 666 3602; x_wconf 79' lang='grc' dir='ltr'>[κυρί]ως</span> <span class='ocrx_word' id='word_1_247' title='bbox 686 3518 744 3597; x_wconf 74' lang='grc' dir='ltr'>γὰρ</span> <span class='ocrx_word' id='word_1_248' title='bbox 766 3516 925 3597; x_wconf 81' lang='grc' dir='ltr'>τηλόγετοι</span> <span class='ocrx_word' id='word_1_249' title='bbox 947 3518 1108 3580; x_wconf 81' lang='grc' dir='ltr'>καλοῦνται</span> <span class='ocrx_word' id='word_1_250' title='bbox 1131 3516 1161 3577; x_wconf 81' lang='grc' dir='ltr'>οῖ</span> <span class='ocrx_word' id='word_1_251' title='bbox 1180 3517 1256 3593; x_wconf 89' lang='grc' dir='ltr'>τῆλε</span> <span class='ocrx_word' id='word_1_252' title='bbox 1271 3518 1326 3592; x_wconf 87' lang='grc' dir='ltr'>τῆς</span> <span class='ocrx_word' id='word_1_253' title='bbox 1340 3518 1432 3596; x_wconf 88' lang='grc' dir='ltr'>γονῆς</span> 
     </span>
     <span class='ocr_line' id='line_1_33' title="bbox 281 3613 1431 3707; baseline 0.002 -25"><span class='ocrx_word' id='word_1_254' title='bbox 281 3615 397 3707; x_wconf 79' lang='grc' dir='ltr'>[ὅν]τες</span> <span class='ocrx_word' id='word_1_255' title='bbox 423 3623 537 3696; x_wconf 91' lang='grc' dir='ltr'>παῖδες,</span> <span class='ocrx_word' id='word_1_256' title='bbox 559 3619 577 3681; x_wconf 92' lang='grc' dir='ltr'>ό</span> <span class='ocrx_word' id='word_1_257' title='bbox 603 3620 689 3682; x_wconf 82' lang='grc' dir='ltr'>ἐστιν</span> <span class='ocrx_word' id='word_1_258' title='bbox 716 3620 745 3681; x_wconf 78' lang='grc' dir='ltr'>οῖ</span> <span class='ocrx_word' id='word_1_259' title='bbox 777 3614 840 3705; x_wconf 79' lang='grc' dir='ltr'>[ἐκ]</span> <span class='ocrx_word' id='word_1_260' title='bbox 871 3621 1045 3700; x_wconf 84' lang='grc' dir='ltr'>γεροντικῆς</span> <span class='ocrx_word' id='word_1_261' title='bbox 1075 3616 1196 3695; x_wconf 80' lang='grc' dir='ltr'>ἡλικίας</span> <span class='ocrx_word' id='word_1_262' title='bbox 1223 3613 1431 3705; x_wconf 81' lang='grc' dir='ltr'>[σπ]αρέντες·</span> 
     </span>
     <span class='ocr_line' id='line_1_34' title="bbox 280 3717 1434 3811; baseline -0.001 -24"><span class='ocrx_word' id='word_1_263' title='bbox 280 3727 363 3787; x_wconf 91' lang='grc' dir='ltr'>δοκεῖ</span> <span class='ocrx_word' id='word_1_264' title='bbox 376 3725 434 3805; x_wconf 76' lang='grc' dir='ltr'>γὰρ</span> <span class='ocrx_word' id='word_1_265' title='bbox 447 3717 516 3811; x_wconf 73' lang='grc' dir='ltr'>[τά]</span> <span class='ocrx_word' id='word_1_266' title='bbox 533 3726 609 3803; x_wconf 75' lang='grc' dir='ltr'>μετὰ</span> <span class='ocrx_word' id='word_1_267' title='bbox 624 3723 800 3806; x_wconf 86' lang='grc' dir='ltr'>άπόγνωσιν</span> <span class='ocrx_word' id='word_1_268' title='bbox 816 3717 898 3810; x_wconf 72' lang='grc' dir='ltr'>[τῆς]</span> <span class='ocrx_word' id='word_1_269' title='bbox 916 3722 1109 3787; x_wconf 88' lang='grc' dir='ltr'>παιδοποιίας</span> <span class='ocrx_word' id='word_1_270' title='bbox 1123 3721 1298 3803; x_wconf 77' lang='grc' dir='ltr'>γεννώμενα</span> <span class='ocrx_word' id='word_1_271' title='bbox 1311 3726 1434 3801; x_wconf 87' lang='grc' dir='ltr'>μῖιλλον</span> 
     </span>
     <span class='ocr_line' id='line_1_35' title="bbox 280 3826 788 3913; baseline 0.002 -23"><span class='ocrx_word' id='word_1_272' title='bbox 280 3827 458 3909; x_wconf 82' lang='grc' dir='ltr'>άγαπᾶσθαι</span> <span class='ocrx_word' id='word_1_273' title='bbox 472 3826 542 3890; x_wconf 81' lang='lat' dir='ltr'>A:</span> <span class='ocrx_word' id='word_1_274' title='bbox 786 3909 788 3913; x_wconf 64' lang='lat'>,</span> 
     </span>
     <span class='ocr_line' id='line_1_36' title="bbox 227 3924 1394 4017; baseline 0.001 -23"><span class='ocrx_word' id='word_1_275' title='bbox 227 3949 266 4013; x_wconf 83' lang='lat'>35</span> <span class='ocrx_word' id='word_1_276' title='bbox 325 3929 398 4010; x_wconf 85' lang='lat'>176.</span> <span class='ocrx_word' id='word_1_277' title='bbox 421 3926 545 4017; x_wconf 81' lang='grc' dir='ltr'>τέτηκα]</span> <span class='ocrx_word' id='word_1_278' title='bbox 561 3929 627 4008; x_wconf 83' lang='grc' dir='ltr'>ἤτοι</span> <span class='ocrx_word' id='word_1_279' title='bbox 643 3928 787 4007; x_wconf 86' lang='grc' dir='ltr'>έκτέτηκα</span> <span class='ocrx_word' id='word_1_280' title='bbox 930 3925 1002 3993; x_wconf 92' lang='grc'><strong>180.</strong></span> <span class='ocrx_word' id='word_1_281' title='bbox 1024 3924 1115 4015; x_wconf 85' lang='grc' dir='ltr'>δαῆρ]</span> <span class='ocrx_word' id='word_1_282' title='bbox 1132 3925 1241 4010; x_wconf 84' lang='grc' dir='ltr'>α’νδρὸς</span> <span class='ocrx_word' id='word_1_283' title='bbox 1255 3927 1394 4010; x_wconf 75' lang='grc' dir='ltr'>ἀδελφάς</span> 
     </span>
     <span class='ocr_line' id='line_1_37' title="bbox 325 4028 1013 4119; baseline 0.001 -23"><span class='ocrx_word' id='word_1_284' title='bbox 325 4032 398 4117; x_wconf 91' lang='grc'><strong>183.</strong></span> <span class='ocrx_word' id='word_1_285' title='bbox 421 4028 583 4119; x_wconf 83' lang='grc' dir='ltr'>δεδμήατο]</span> <span class='ocrx_word' id='word_1_286' title='bbox 599 4031 666 4112; x_wconf 82' lang='grc' dir='ltr'>ἤτοι</span> <span class='ocrx_word' id='word_1_287' title='bbox 679 4030 915 4114; x_wconf 79' lang='grc' dir='ltr'>ὑποτεταγμένοι</span> <span class='ocrx_word' id='word_1_288' title='bbox 931 4032 1013 4097; x_wconf 80' lang='grc' dir='ltr'>εἰσίν</span> 
     </span>
     <span class='ocr_line' id='line_1_38' title="bbox 325 4134 1434 4218; baseline 0.002 -19"><span class='ocrx_word' id='word_1_289' title='bbox 325 4134 398 4201; x_wconf 91' lang='grc'><strong>186.</strong></span> <span class='ocrx_word' id='word_1_290' title='bbox 421 4134 546 4217; x_wconf 79' lang='grc' dir='ltr'>Ὀτρεὺς</span> <span class='ocrx_word' id='word_1_291' title='bbox 569 4137 617 4199; x_wconf 79' lang='grc' dir='ltr'>καὶ</span> <span class='ocrx_word' id='word_1_292' title='bbox 641 4136 773 4218; x_wconf 82' lang='grc' dir='ltr'>Μυγδδν</span> <span class='ocrx_word' id='word_1_293' title='bbox 796 4136 1009 4217; x_wconf 87' lang='grc' dir='ltr'>παραδίδονται</span> <span class='ocrx_word' id='word_1_294' title='bbox 1035 4135 1107 4214; x_wconf 88' lang='grc' dir='ltr'>ῆμῖν</span> <span class='ocrx_word' id='word_1_295' title='bbox 1135 4140 1240 4203; x_wconf 84' lang='grc' dir='ltr'>παῖδες</span> <span class='ocrx_word' id='word_1_296' title='bbox 1265 4135 1434 4215; x_wconf 85' lang='grc' dir='ltr'>Δάμαντος,</span> 
     </span>
     <span class='ocr_line' id='line_1_39' title="bbox 277 4235 952 4324; baseline 0.004 -22"><span class='ocrx_word' id='word_1_297' title='bbox 277 4235 413 4320; x_wconf 79' lang='grc' dir='ltr'>α’δελφοὶ</span> <span class='ocrx_word' id='word_1_298' title='bbox 427 4241 481 4318; x_wconf 89' lang='grc' dir='ltr'>τῆς</span> <span class='ocrx_word' id='word_1_299' title='bbox 496 4236 642 4319; x_wconf 79' lang='grc' dir='ltr'>Ἑκάβης,</span> <span class='ocrx_word' id='word_1_300' title='bbox 656 4246 801 4319; x_wconf 82' lang='grc' dir='ltr'>βασιλεῖς</span> <span class='ocrx_word' id='word_1_301' title='bbox 816 4239 952 4324; x_wconf 84' lang='grc' dir='ltr'>Φρυγίας</span> 
     </span>
     <span class='ocr_line' id='line_1_40' title="bbox 325 4338 1272 4430; baseline 0.003 -24"><span class='ocrx_word' id='word_1_302' title='bbox 325 4341 397 4423; x_wconf 91' lang='grc'><strong>187.</strong></span> <span class='ocrx_word' id='word_1_303' title='bbox 420 4341 489 4424; x_wconf 91' lang='grc' dir='ltr'>παρ’</span> <span class='ocrx_word' id='word_1_304' title='bbox 506 4338 616 4430; x_wconf 84' lang='grc' dir='ltr'>ὄχθας]</span> <span class='ocrx_word' id='word_1_305' title='bbox 633 4345 715 4423; x_wconf 74' lang='grc' dir='ltr'>παρὰ</span> <span class='ocrx_word' id='word_1_306' title='bbox 728 4346 766 4406; x_wconf 75' lang='grc' dir='ltr'>τά</span> <span class='ocrx_word' id='word_1_307' title='bbox 780 4345 870 4426; x_wconf 90' lang='grc' dir='ltr'>χείλη</span> <span class='ocrx_word' id='word_1_308' title='bbox 961 4345 1033 4427; x_wconf 89' lang='grc'><strong>196.</strong></span> <span class='ocrx_word' id='word_1_309' title='bbox 1056 4338 1173 4430; x_wconf 88' lang='grc' dir='ltr'>κτίλος]</span> <span class='ocrx_word' id='word_1_310' title='bbox 1191 4343 1272 4423; x_wconf 86' lang='grc' dir='ltr'>κριός</span> 
     </span>
     <span class='ocr_line' id='line_1_41' title="bbox 314 4459 1433 4527; baseline 0.004 -17"><span class='ocrx_word' id='word_1_311' title='bbox 314 4474 352 4523; x_wconf 80' lang='lat'>13.</span> <span class='ocrx_word' id='word_1_312' title='bbox 364 4459 509 4512; x_wconf 68' lang='grc' dir='ltr'>’Κλυτόνηος</span> <span class='ocrx_word' id='word_1_313' title='bbox 531 4467 542 4522; x_wconf 77' lang='grc' dir='ltr'>ΙΙ</span> <span class='ocrx_word' id='word_1_314' title='bbox 568 4476 605 4526; x_wconf 78' lang='lat'>²4</span> <span class='ocrx_word' id='word_1_315' title='bbox 622 4459 893 4524; x_wconf 69' lang='grc' dir='ltr'>μηνιῶντοςοέὶαιαΑε</span> <span class='ocrx_word' id='word_1_316' title='bbox 909 4463 1070 4527; x_wconf 82' lang='grc' dir='ltr'>μηνίοντοςΒ</span> <span class='ocrx_word' id='word_1_317' title='bbox 1093 4469 1105 4525; x_wconf 90' lang='grc' dir='ltr'>ΙΙ</span> <span class='ocrx_word' id='word_1_318' title='bbox 1130 4463 1168 4512; x_wconf 79' lang='lat'>28.</span> <span class='ocrx_word' id='word_1_319' title='bbox 1185 4459 1290 4511; x_wconf 77' lang='grc' dir='ltr'>ἀόπλους</span> <span class='ocrx_word' id='word_1_320' title='bbox 1300 4462 1381 4512; x_wconf 74' lang='lat' dir='ltr'>etim</span> <span class='ocrx_word' id='word_1_321' title='bbox 1392 4464 1433 4515; x_wconf 91' lang='lat' dir='ltr'>D:</span> 
     </span>
     <span class='ocr_line' id='line_1_42' title="bbox 278 4545 1435 4677; baseline -0.002 -69"><span class='ocrx_word' id='word_1_322' title='bbox 278 4553 401 4677; x_wconf 49' lang='grc' dir='ltr'>ἐνόλταλὲρτν</span> <span class='ocrx_word' id='word_1_323' title='bbox 406 4557 462 4608; x_wconf 80' lang='lat' dir='ltr'>AB’</span> <span class='ocrx_word' id='word_1_324' title='bbox 474 4562 484 4618; x_wconf 74' lang='lat' dir='ltr'>u</span> <span class='ocrx_word' id='word_1_325' title='bbox 498 4568 588 4621; x_wconf 81' lang='lat'>30-33.</span> <span class='ocrx_word' id='word_1_326' title='bbox 598 4558 679 4609; x_wconf 77' lang='grc' dir='ltr'>τοοίιο</span> <span class='ocrx_word' id='word_1_327' title='bbox 688 4558 804 4623; x_wconf 66' lang='lat' dir='ltr'>supplevi</span> <span class='ocrx_word' id='word_1_328' title='bbox 815 4574 846 4608; x_wconf 78' lang='lat' dir='ltr'>ex</span> <span class='ocrx_word' id='word_1_329' title='bbox 857 4558 880 4608; x_wconf 83' lang='lat' dir='ltr'>L</span> <span class='ocrx_word' id='word_1_330' title='bbox 898 4564 908 4618; x_wconf 91' lang='grc' dir='ltr'>ΙΙ</span> <span class='ocrx_word' id='word_1_331' title='bbox 928 4573 966 4624; x_wconf 78' lang='lat'>34</span> <span class='ocrx_word' id='word_1_332' title='bbox 979 4560 1037 4610; x_wconf 65' lang='lat' dir='ltr'><strong>sdd.</strong></span> <span class='ocrx_word' id='word_1_333' title='bbox 1049 4577 1098 4611; x_wconf 82' lang='grc' dir='ltr'>τοα</span> <span class='ocrx_word' id='word_1_334' title='bbox 1111 4545 1279 4623; x_wconf 69' lang='grc' dir='ltr'>σχῆμαιοτπθ</span> <span class='ocrx_word' id='word_1_335' title='bbox 1289 4592 1296 4606; x_wconf 90' lang='grc'><strong>.</strong></span> <span class='ocrx_word' id='word_1_336' title='bbox 1311 4555 1359 4619; x_wconf 69' lang='lat' dir='ltr'>(vm</span> <span class='ocrx_word' id='word_1_337' title='bbox 1369 4556 1435 4606; x_wconf 76' lang='grc' dir='ltr'>κατὰ</span> 
     </span>
    </p>
   </div>
   <div class='ocr_carea' id='block_1_3' title="bbox 0 0 1504 5040">
    <p class='ocr_par' dir='ltr' id='par_1_3' title="bbox 0 0 1504 5040">
     <span class='ocr_line' id='line_1_43' title="bbox 0 0 1504 5040; baseline 0 0"><span class='ocrx_word' id='word_1_338' title='bbox 0 0 1504 5040; x_wconf 95' lang='lat' dir='ltr'> </span> 
     </span>
    </p>
   </div>
  </div>
 </body>
</html>
