3000 5040
266 240 331 302 490
688 244 860 305 ιλικαον
883 244 919 306 Α.
940 239 954 327 (
966 239 1008 328 1)

267 409 429 491 σύμβολον
450 414 504 474 τοῦ
530 413 660 492 καθαροῦ
687 413 736 476 καὶ
756 411 901 492 ἀμιάντου
926 411 993 491 ἤτοι
1017 413 1070 489 τῆς
1093 413 1213 493 άρετῆς.
1243 412 1423 495 ῶπλισμένη

265 515 299 577 δὲ
323 511 496 586 πλάττεται,
521 513 570 576 καὶ
592 514 685 580 οὕτως
708 515 884 596 ἱστοροῦσιν
906 513 999 594 αὐτὴν
1020 515 1191 598 γεγονέναι,
1219 514 1424 596 παριστάντες

267 618 300 681 ἐκ
323 615 429 680 τούτου
452 617 499 680 ότι
522 613 669 698 αὐτάρκης
688 618 737 681 καὶ
760 617 937 698 ὡπλισμένη
960 619 1047 684 ἐστὶν
1068 617 1087 697 ἡ
1111 619 1265 700 φρόνησις
1281 623 1360 699 πρδς
1374 621 1424 685 τὰς

265 721 413 801 μεγίστας
437 720 486 784 καὶ
512 717 755 802 δυσχερεστάτας
778 717 911 802 πράξεις.
942 723 992 785 διδ
1018 721 1128 800 ταύτην
1153 721 1211 800 τὴν
1242 722 1349 785 αἰτίαν
1378 724 1424 785 καὶ

233 833 251 895 5
267 823 302 887 τδ
321 822 482 906 γοργωπὸν
501 822 567 905 ἔχει
588 822 687 886 καὶτὸ
709 824 846 904 άνδρεῖον
862 825 911 888 καὶ
931 824 966 888 τδ
984 831 1158 908 γλαυκῶπις
1171 823 1337 908 λέγεσθαι·
1366 830 1425 890 τῶν

265 926 323 1011 γὰρ
340 929 450 1008 θηρίων
464 928 502 989 τδ
517 927 719 1005 άλκιμότατα,
735 926 774 992 ὣς
789 926 913 994 λέοντες
929 929 978 991 καὶ
999 928 1173 1010 παρδάλεις,
1189 927 1320 994 τοιαῶτά
1334 930 1422 994 εἰσιν.

266 1031 423 1112 ἱστόρηται
453 1032 486 1094 δέ
513 1030 631 1113 έχουσα
655 1031 809 1112 προτομὴν
840 1033 987 1115 Γοργόνος
1019 1035 1094 1096 κατὰ
1123 1032 1159 1096 τδ
1184 1031 1284 1112 μέσον
1311 1035 1423 1110 στῆθος

265 1136 316 1198 διδ
337 1140 372 1197 τὸ
397 1133 510 1217 γοργδν
532 1137 585 1212 τῆς
612 1130 792 1215 φρονήσεως
818 1131 876 1213 ἔξω
903 1139 1157 1216 προβεβληκυῖαν
1182 1135 1240 1215 τὴν
1260 1141 1423 1218 γλῶσσαν,

266 1238 306 1305 ὣς
328 1237 365 1302 ῶν
385 1236 612 1319 έκφανεστάτου
636 1239 723 1304 ὄντος
743 1239 776 1301 έν
795 1239 832 1323 τῇ
852 1245 912 1302 τῶν
930 1237 1052 1306 πάντων
1066 1241 1224 1325 οίκουομίη
1241 1245 1299 1304 τοῦ
1316 1241 1422 1323 λόγου.

215 1354 253 1396 ¹0
266 1343 439 1407 ἀνατίθεται
459 1343 491 1406 δὲ
512 1342 585 1427 αὐτῇ
606 1342 656 1405 καὶ
674 1340 693 1420 ἡ
712 1346 833 1424 γλαῦκα
850 1345 900 1406 διδ
923 1342 958 1407 τδ
980 1344 1110 1425 έμφερές
1128 1348 1190 1409 τῶν
1208 1343 1357 1424 άμμάτων
1375 1343 1423 1408 καὶ

266 1448 296 1510 οἱ
311 1444 478 1527 δράκοντες·
502 1443 691 1526 σμερδαλέον
708 1446 766 1527 γὰρ
785 1447 802 1508 ό
820 1443 937 1527 δράκων
955 1445 1078 1528 δέδορκε
1101 1447 1151 1511 καὶ
1173 1447 1209 1511 τὸ
1230 1447 1423 1529 φυλακτικὸν

265 1550 341 1633 ἔχει,
357 1554 492 1615 τοιοῦτος
508 1552 541 1612 δὲ
563 1549 613 1612 καὶ
632 1550 648 1610 ό
667 1549 824 1631 φρόνιμος.
854 1549 937 1612 άλλδ
957 1551 1006 1613 καὶ
1023 1549 1175 1632 άγρυπνος
1198 1553 1215 1614 ό
1233 1550 1356 1632 δράκων
1375 1553 1423 1616 καί

265 1649 318 1713 οὐκ
341 1647 502 1729 εὖθήρατός
524 1649 620 1713 ἐστιν·
644 1653 779 1715 τοιοῦτος
801 1649 834 1712 δὲ
858 1649 907 1712 καὶ
934 1651 951 1712 ό
977 1648 1135 1731 φρόνιμος·
1159 1649 1226 1713 “οθ
1247 1649 1311 1733 χρὴ
1324 1647 1342 1674 ”
1365 1653 1423 1732 γὰρ

266 1758 284 1788 “
298 1750 463 1834 παννύχιον
485 1752 582 1815 εθδειν
600 1751 800 1832 βουληφόρον
820 1748 940 1832 άνδρα”
957 1748 1012 1836 (Il.
1031 1770 1059 1817 2.
1077 1749 1141 1838 24).
1171 1751 1299 1835 λέγεται
1322 1753 1357 1817 δὲ
1376 1754 1424 1817 καὶ

215 1865 251 1927 15
266 1851 434 1936 Ἀτρυτώνη
458 1853 498 1920 ὡς
517 1854 559 1933 μὴ
576 1852 722 1935 τρυομένη
747 1854 795 1918 καὶ
814 1854 1059 1935 καταπονουμένη
1089 1853 1141 1919 ὑπ’
1166 1854 1290 1922 οὖδενδς
1316 1854 1420 1921 πόνου·

265 1955 491 2037 άκαταπόνητος
515 1959 574 2041 γὰρ
601 1959 617 2021 ό
644 1958 800 2039 φρόνιμος.
831 1958 915 2021 άλλά
943 1957 992 2023 καὶ
1017 1957 1215 2042 Τριτογένεια
1233 1958 1361 2042 λέγεται
1384 1959 1422 2026 ὦς

264 2067 327 2128 τοῖς
349 2066 450 2127 κακοῖς
473 2063 648 2144 έγγεννῶσα
669 2060 704 2124 τὸ
726 2065 808 2142 τρεῖν
831 2059 879 2125 καὶ
909 2060 1172 2142 φοβεῖσθαι-ἀεὶ
1197 2064 1257 2145 γάρ
1276 2061 1423 2141 πολέμιός

264 2167 332 2230 έστι
352 2165 426 2247 πρδς
443 2164 499 2244 τὴν
518 2162 686 2242 κακίαν-ἢ
704 2164 745 2231 ῶς
763 2168 800 2228 τὰ
820 2165 888 2247 τρία
905 2163 975 2248 γένη
996 2170 1057 2228 τῶν
1075 2163 1255 2245 σκεμμάτων
1274 2170 1329 2244 τῆς
1348 2167 1422 2230 κατά

265 2270 460 2352 φιλοσοφίαν
483 2270 608 2350 θεωρίας
631 2274 778 2351 γεννῶσα,
797 2274 832 2332 τδ
857 2270 1090 2352 φυσιολογικόυ,
1108 2269 1144 2333 τδ
1167 2273 1351 2351 θεολογικδυ
1375 2270 1423 2334 καὶ

213 2395 251 2435 20
265 2374 481 2453 μαθηματικόν.
512 2374 595 2436 άλλδ
614 2371 663 2436 καί
680 2371 698 2452 ἡ
719 2374 810 2437 ἐλαία
827 2373 919 2459 ταύτῃ
936 2370 1090 2436 άνάκειται
1109 2374 1160 2436 διδ
1174 2373 1209 2437 τὸ
1225 2373 1274 2438 άεὶ
1294 2372 1422 2438 θάλλειν

264 2475 409 2562 (Cornut.
425 2475 533 2538 Theol.
549 2496 574 2538 α.
593 2494 634 2540 20
652 2497 682 2557 p.
699 2473 810 2562 3511.)

311 2580 381 2661 196.
405 2579 510 2662 άμφω]
527 2577 576 2643 καὶ
590 2579 644 2644 τὸν
659 2578 866 2661 Ἀγαμέμνονα
883 2580 931 2643 καὶ
947 2579 999 2643 τδν
1013 2576 1166 2663 Ἀχιλλέα

311 2699 383 2769 197.
406 2685 500 2762 κόμης
515 2678 582 2768 ἕλε]
599 2684 676 2747 ὅπου
691 2688 725 2746 τδ
740 2683 926 2764 λογιστικόν,
942 2684 1079 2746 διδάσκει

407 2785 518 2866 ξανθῆς
541 2789 574 2849 δὲ
600 2783 707 2872 κόμης]
734 2785 889 2850 τουτέστιν
915 2784 1089 2865 έπελάβετο
1111 2785 1130 2864 ἡ
1154 2787 1305 2868 φρόνησις
1331 2785 1422 2849 αὐτοῦ

213 2910 250 2967 25
265 2896 317 2955 τοῦ
343 2888 531 2970 ξανθοκόμον
555 2887 730 2972 Ἀχιλλέως
760 2891 809 2953 καὶ
840 2888 1029 2953 κατέπαυσεν
1054 2888 1154 2953 αὐτόν.
1187 2886 1363 2970 ὑπογράφει
1388 2888 1422 2952 δὲ

263 2995 335 3075 ἡμῖν
357 2993 410 3059 τὸν
431 2992 582 3075 Ἀχιλλέα
605 2995 638 3058 έν
656 2992 771 3059 τούτοις
793 2994 879 3079 ψυχῇ
902 3018 936 3056 τε
959 2991 1007 3055 καὶ
1030 2993 1156 3072 σάματι,
1176 2994 1263 3078 ψυχῇ
1286 2989 1354 3071 μέν,
1375 2993 1422 3055 ὅτι

264 3095 431 3178 θυμοειδής,
448 3099 480 3161 έκ
497 3101 550 3160 τοῦ
566 3098 663 3160 είπεῖν
684 3095 774 3159 αιἰτδν
797 3094 995 3174 ξανθόκομον·
1019 3097 1048 3159 οἱ
1069 3097 1127 3178 γὰρ
1148 3092 1332 3175 ξανθόκομοι
1353 3093 1420 3173 άξθ-

264 3210 353 3285 χολοι
377 3200 417 3267 ὥς
439 3198 691 3281 ὑπερωπτημένον
711 3201 833 3282 ἔχοντες
854 3199 889 3263 τδ
912 3200 987 3278 αἷμα
1008 3197 1057 3262 καὶ
1079 3199 1134 3278 τὴν
1156 3196 1267 3281 χολήν,
1289 3203 1366 3279 πρδς
1385 3199 1420 3278 ἧς

266 3305 442 3385 ποιούμεναι
462 3305 496 3367 αἵ
514 3329 548 3367 τε
569 3305 656 3381 κόμαι
680 3301 728 3366 καὶ
750 3303 787 3365 τὰ
809 3303 934 3382 σόματα
953 3303 1129 3384 χράζονται,
1147 3302 1196 3368 καὶ
1213 3302 1293 3386 (rb)
1312 3307 1373 3364 τῶν
1388 3304 1420 3365 έκ

215 3434 253 3490 30
266 3411 319 3487 τῆς
338 3408 483 3488 μελαίνης
503 3409 600 3488 χολῆς
620 3408 730 3486 όμοίως
752 3412 827 3488 πρὸς
849 3406 884 3470 τδ
901 3405 1096 3487 μελάντερον·
1119 3407 1250 3471 κάκεῖνοι
1268 3406 1301 3469 δὲ
1319 3405 1423 3487 άγριοί

267 3513 328 3575 είσι
345 3511 394 3574 καὶ
409 3509 589 3590 βαρύθυμοι.
618 3511 666 3573 καὶ
681 3515 820 3591 φυχικῶς
836 3511 891 3590 μὲν
907 3511 984 3573 οὕτω
999 3509 1218 3592 χαρακτηρίζει·
1242 3514 1422 3588 σωματικῶς

266 3616 299 3679 δὲ
322 3616 355 3678 έκ
378 3617 430 3676 τοῦ
453 3611 563 3696 λέγειν,
584 3613 632 3677 ότι
652 3615 756 3679 ἅπλῶς
783 3611 892 3691 ξανθὸς
919 3613 968 3677 καὶ
995 3614 1113 3694 πυρρός.
1143 3616 1278 3678 τοιοῦτος
1303 3611 1364 3695 γὰρ
1385 3611 1422 3691 ἦν

265 3717 440 3804 Ἀχιλλεύς,
465 3715 676 3800 μακροσκελής
701 3743 734 3781 τε
760 3719 810 3781 καὶ
836 3715 905 3795 ὀξὺς
937 3715 985 3780 καὶ
1016 3716 1144 3795 εὐμήκης
1169 3716 1277 3782 λευκός
1307 3740 1340 3780 τε
1372 3716 1422 3779 καὶ

265 3819 529 3901 ὑπεσπανισμένος
543 3821 578 3885 τὸ
593 3820 709 3903 γένειον

215 3956 253 4013 35
312 3945 380 4009 199.
404 3927 480 4004 μετὰ
494 3923 519 3988 δ’
536 3920 695 4012 ἔτραπετο]
711 3923 779 4003 ἤτοι
797 3923 1004 4007 περιεστράφη
1020 3929 1085 3987 A:

312 4048 384 4095 200.
407 4023 583 4114 Ἀθηναίην]
601 4024 738 4093 Ἰωνικῶς
870 4024 914 4115 οἴ]
930 4027 967 4091 τὰ
982 4028 1072 4107 αὐτῆς

412 4127 609 4218 (φάανθεν>]
626 4132 735 4212 φαίνω,
755 4132 896 4213 άόριστος
919 4129 1064 4212 έφάυθην,
1080 4131 1114 4195 τὸ
1135 4131 1235 4212 τρίτον
1254 4131 1422 4211 πρόσωπον

303 4393 327 4447 7,
340 4384 363 4433 8.
381 4380 412 4429 τὸ
427 4378 503 4442 μέσον
514 4380 558 4441 τῆς
573 4379 630 4430 θεᾶς
644 4378 682 4427 διά
697 4377 727 4428 τδ
738 4396 764 4442 γ.
775 4396 798 4427 τ.
811 4388 852 4442 φρ.
863 4375 902 4426 καὶ
919 4376 949 4425 τὸ
967 4377 1057 4439 στῆθος
1073 4377 1165 4442 έχουσι
1183 4375 1227 4439 έξω
1240 4375 1280 4424 καὶ
1297 4378 1379 4436 most,
1391 4376 1422 4425 cf.

270 4451 345 4498 Corn.
364 4453 375 4507 11
395 4461 434 4499 10.
453 4443 534 4508 γλαθξ
545 4446 619 4495 Corn.
638 4450 649 4504 11
660 4443 777 4507 ὀμμάτων
788 4445 879 4495 Com:
896 4442 1022 4504 ὀνομάτων
1040 4449 1050 4503 ss
1071 4458 1109 4495 11.
1120 4442 1167 4507 γάρ
1178 4443 1268 4491 (δοται
1285 4440 1312 4490 δέ
1332 4449 1343 4502 Η
1361 4448 1421 4505 φολ.

270 4530 294 4560 τι
306 4515 380 4562 Corn.
396 4520 406 4573 11
423 4525 512 4575 ²4-34·
523 4527 611 4576 margo
625 4511 800 4561 eimumcisuo:
819 4510 932 4574 supplevi
944 4511 1023 4560 υιοίςο
1035 4526 1065 4559 ex
1081 4511 1104 4561 L
1120 4516 1131 4571 11
1152 4505 1422 4570 28.='mpomp1vovll

273 4592 311 4642 ²9·
330 4578 409 4641 suppl.
422 4577 455 4624 W
470 4585 481 4638 11
501 4577 532 4626 θνς
543 4575 582 4625 καί
594 4575 643 4624 τῶν
654 4575 716 4626 έκΙι
733 4581 744 4634 ΙΙ
764 4576 803 4639 36.
819 4575 863 4635 τῆς
873 4574 948 4636 αθτῆι
