3000 5040
555 277 725 337 ιλικοον
748 280 783 338 Σ.
807 273 893 361 (18)

192 460 266 526 431.
290 438 391 530 άρειῇ]
404 442 461 530 άρῇ
479 441 525 523 ήν,
542 445 591 508 καὶ
606 445 789 531 πλεονασμῷ
805 448 858 524 τῆς
873 445 900 510 ἔῐ
915 452 933 481 “
943 445 1055 533 άρειῇ”

190 562 265 628 443.
291 545 397 628 (σφῶι
412 545 542 636 δόμεν>]
558 550 642 628 ὑμεῖς
657 549 781 628 ἐδόθητε

190 649 265 725 446.
291 648 348 731 (ού
362 652 419 729 μέν
432 649 490 732 γάρ
504 676 534 716 τι
549 652 608 716 πού
622 653 708 716 ἐστιν
723 652 916 734 ὀιζυρότερον
931 650 1079 742 άνδρός>]
1095 653 1254 735 ὑπερβολή

191 767 265 834 457.
288 754 406 837 κονίην]
425 754 480 834 τήν
611 756 864 841 άπὸ-βαλόντε]
880 758 1092 838 ἀποβαλόντες

191 856 266 939 469.
289 857 476 942 Αὐτόμεδον]
493 859 532 926 ὣς
547 860 581 924 τὸ
597 867 614 898 “
624 858 848 942 Ἀγάμεμνον·”
872 862 939 926 ἐστι
955 863 987 926 δέ
1004 862 1150 927 Αίολικόν
1313 883 1332 945 5

288 958 445 1047 νηκερδέα]
463 962 500 1026 τά
516 964 663 1044 ἀνωφελῆ

192 1080 266 1144 492.
291 1065 437 1143 εἰλυμένω
454 1062 566 1154 ὤμους]
583 1067 807 1146 ἐσκεπασμένοι
823 1068 892 1134 τούς

191 1184 265 1249 493·
289 1167 411 1253 αὗνσν]
427 1167 532 1249 ξυναῖς

193 1267 267 1351 637.
291 1271 490 1355 άκηχέδαται]
504 1278 679 1337 λυποῦνται.
705 1271 786 1356 <dub
800 1270 874 1353 τοῦ)
893 1274 997 1358 άκάχω

193 1374 267 1449 640.
291 1369 353 1460 είη]
371 1378 530 1455 πορευθείη
662 1376 735 1461 643.
760 1373 907 1465 Ἀχαιῶν]
924 1380 957 1442 ἐκ
976 1384 1036 1442 τῶν

193 1477 266 1554 677.
289 1475 513 1562 ά(μ>φικόμιρ]
529 1483 618 1543 δασεῖ

193 1580 266 1660 694.
291 1579 469 1663 κατέστυγε]
484 1581 551 1660 ήτοι
567 1583 756 1665 έστύγνασεν
766 1583 832 1653 A÷

297 1680 523 1772 <κατέστυγε>]
548 1693 648 1769 στυγῶ
672 1688 707 1752 τὸ
730 1694 810 1767 μισῶ
832 1689 880 1751 καὶ
903 1693 1004 1770 στυγῶ
1025 1693 1061 1750 τδ
1084 1686 1219 1767 φρίσσω.
1242 1688 1301 1750 ῶδε

149 1790 222 1867 γοῦν
238 1785 273 1849 ού
288 1791 375 1849 τοῦτο
391 1789 544 1868 ἐμφαίνει,
563 1789 645 1853 άλλά
661 1791 696 1854 τά
715 1791 902 1873 ἐστύγνασεν

195 1906 267 1971 709.
290 1889 356 1972 μίν]
374 1896 427 1954 τόν
441 1891 595 1975 Ἀχιλλέα
727 1911 800 1974 710.
822 1893 906 1973 μάλα
920 1889 992 1981 περ]
1010 1896 1062 1958 καί
1319 1916 1354 1974 15

194 1993 268 2072 726.
292 1993 350 2071 πρὸ
366 1990 494 2081 κούρων]
514 1995 686 2076 ἔμπροσθεν
818 2010 891 2078 727.
915 1995 985 2079 ἕως]
999 1995 1087 2079 μέχρι
1102 1997 1184 2062 τινός
1196 1994 1262 2057 B:

196 2110 267 2176 741·
286 2093 418 2179 ἆθλόν]
433 2097 564 2182 συνεχής

196 2216 268 2279 742.
291 2200 536 2284 ἀμφιβαλόντες]
551 2202 791 2282 άμφερείσαντες

194 2302 267 2384 748.
289 2299 407 2390 ύλήεις]
425 2305 442 2366 ό
457 2301 593 2384 ξυλύδης
721 2306 853 2389 πεδίοιο]
868 2306 918 2372 διά

295 2409 413 2471 πεδίοιο
428 2408 605 2489 διαπρύσιον
619 2410 803 2493 τετυχηκός]
826 2406 895 2490 παρ’
912 2411 986 2474 όλον
1001 2408 1036 2472 τὸ
1051 2411 1159 2475 πεδίον
1172 2433 1302 2490 παρατε·
1318 2436 1356 2476 αα

153 2509 289 2589 ταμένως
304 2509 414 2589 διήκων

196 2621 268 2691 750.
293 2609 390 2691 όφαρ]
406 2606 523 2694 ταχέως
655 2613 727 2692 760.
750 2613 821 2694 περί
835 2612 859 2675 τ’
877 2612 957 2693 άμφί
970 2611 1018 2695 τε]
1034 2611 1228 2695 πανταχόθεν

707 2862 742 2921 Σ.

197 2998 227 3063 3.
251 2977 487 3062 ὀρθοκραιράων]
503 2978 594 3059 ὀρθάς
610 2981 730 3061 κεραίας
747 2982 892 3065 ἐχουσῶν,
902 2979 1126 3061 όρθοπρύμνων.
1151 2979 1255 3062 κεραία
1269 2980 1302 3044 δέ

156 3087 292 3146 καλεῖται
307 3083 343 3147 τὸ
358 3081 459 3147 ἐπάνω
474 3088 527 3146 τοῦ
544 3085 631 3147 ἱστοῦ
654 3082 810 3164 δεδεμένον
825 3083 959 3167 πλάγιον
974 3082 1075 3163 ξύλον,
1092 3082 1127 3148 ού
1142 3081 1302 3162 ἐξάπτεται
1318 3103 1355 3163 25

150 3183 355 3265 7‘73061177A4

198 3288 227 3350 8.
250 3289 291 3369 μή
308 3289 344 3369 δή
359 3315 410 3370 μοι
426 3289 593 3372 τελέσωσι]
608 3288 729 3354 δέδοικα

200 3407 249 3473 17.
274 3389 382 3480 θερμά]
400 3393 440 3460 ῶς
455 3393 515 3458 άπὸ
529 3392 644 3474 βάθους
660 3393 867 3478 κατερχόμενα

196 3513 248 3582 33.
272 3495 352 3579 δδέ]
367 3498 384 3559 ὁ
398 3496 565 3581 Ἀχιλλεύς
697 3495 876 3579 κυδάλιμον]
892 3495 967 3560 κατά

196 3614 249 3680 50.
274 3600 441 3683 ἀργύφεον]
459 3601 553 3665 οἱονεὶ
572 3601 691 3664 λευκόν.
723 3601 877 3683 άργόφεον
896 3601 972 3663 κατά
995 3600 1118 3665 Αίολεῖς
1136 3599 1232 3687 τροπῇ
1250 3603 1303 3664 τοῦ
1317 3625 1357 3684 3ο

154 3703 172 3765 ὁ
188 3704 230 3768 είς
245 3702 273 3780 ὗ,
291 3705 431 3783 δηλονότι
447 3703 482 3766 οὗ
496 3702 515 3782 ή
528 3708 642 3786 φαΰσις
658 3702 744 3786 άργή,
760 3701 899 3767 τουτέστι
912 3699 1006 3781 λευκή

197 3823 250 3887 54.
273 3806 556 3890 δυσαριστοτόκεια]
572 3804 622 3871 ἐπὶ
638 3809 717 3892 κακῶ
734 3806 860 3888 άριστον
874 3806 963 3868 τόκον
978 3804 1156 3888 γεννήσασα
1167 3802 1263 3873 ΑΒ]-

197 3922 249 3989 57.
273 3909 387 3995 γουνῷ]
401 3911 516 3995 γονίμῳ
531 3911 614 3996 τόπῳ
626 3908 722 3978 AB÷
819 3909 872 3972 66.
889 3907 997 3991 σφίσι]
1008 3907 1144 3990 Ὅμηρος
1159 3906 1177 3970 ἶ
1192 3906 1305 3990 γράφει

198 4013 250 4076 68.
278 4013 491 4097 (ἐπισχερῶ>]
523 4012 590 4092 ήται
621 4015 695 4077 κατὰ
724 4011 820 4091 τάξιν,
852 4014 885 4075 ἐκ
914 4015 1090 4094 μεταφοράς
1120 4013 1173 4090 τῆς
1202 4011 1303 4095 χειρὸς

153 4119 290 4199 παρόσον
304 4116 413 4195 ταύτης
431 4119 469 4181 τὰ
484 4115 615 4181 δάκτυλα
632 4119 705 4181 κατὰ
720 4114 806 4196 τάξιν
821 4117 911 4181 εἰσίν·
940 4111 960 4194 ἢ
979 4114 1039 4179 άπὸ
1053 4117 1107 4192 τῆς
1122 4116 1175 4179 ἐπί
1194 4112 1303 4196 προθέ-
1318 4136 1357 4197 35

152 4245 231 4286 σεως
254 4221 305 4284 καὶ
327 4224 379 4282 τοῦ
401 4219 521 4305 σχέσις,
538 4218 603 4299 ήτοι
627 4218 774 4300 ἀλλήλων
797 4216 1003 4302 ἐξηρτημένοι.
1032 4216 1143 4302 σχέσις
1165 4215 1206 4295 δέ]
1230 4217 1304 4282 όταν

153 4322 189 4388 τδ
205 4325 239 4388 ἐν
253 4329 306 4387 τοῦ
321 4321 422 4405 ἑτέρου
437 4321 579 4408 ἐξέχηται

187 4456 209 4494 1.
221 4441 267 4506 ἀρῇ
279 4443 325 4494 W:
336 4440 383 4504 δρή
396 4447 407 4503 n
420 4456 443 4506 5.
454 4440 500 4491 τὸν
511 4439 682 4505 Ἀγαμίμνονα
695 4448 706 4503 ΙΙ
722 4454 760 4491 10.
773 4441 806 4490 κά
818 4458 842 4493 v.
854 4439 903 4503 663
914 4439 1111 4505 superscriptum
1121 4439 1154 4489 δι
1163 4439 1178 4488 δ
1188 4437 1274 4502 θερμόι
1290 4443 1301 4501 η

154 4520 193 4559 11.
210 4509 291 4573 suppl.
306 4523 356 4560 ιω.
373 4509 401 4557 ln
411 4513 485 4558 textu
502 4512 513 4568 ΙΙ
532 4521 571 4570 30.
588 4507 711 4572 δρηόφιον
722 4505 785 4558 κατά
800 4507 904 4572 scripti:
920 4503 1061 4570 άμγόφυττιι
1078 4510 1089 4566 ΙΙ
1108 4518 1148 4569 31.
1164 4504 1181 4568 ᾗ
1198 4504 1302 4571 scripsi:

152 4591 175 4624 ιι.
187 4574 237 4639 legi
255 4580 266 4635 ΙΙ
284 4587 325 4637 35.
342 4573 421 4624 ταῦτα
439 4579 449 4635 ΙΙ
468 4572 507 4635 36.
523 4572 645 4637 όλλήλαιε

679 4674 774 4720 an
