3000 5040
261 265 328 329 σοι
664 269 836 330 ικικαος
859 270 898 331 N.
920 265 1010 353 (13)

304 437 356 501 66.
378 433 471 526 τοῖιν]
489 439 522 502 ἐκ
538 437 652 503 τούτων

304 560 357 625 90.
379 539 610 630 μετεισάμενος]
627 541 702 624 πρδς
717 541 823 609 αὐτοὺς
839 544 1030 625 ἀφικόμενος,
1045 540 1064 622 ἢ
1079 544 1294 624 μεταβληθείς

307 663 378 729 103.
401 642 502 733 θείων]
519 652 579 710 τῶν

402 755 419 783 “
430 748 482 827 ἤια
491 749 508 775 ”
525 753 562 813 τὰ
584 750 732 830 βρώματα
754 751 792 813 τδι
814 751 847 813 ἑκ
870 750 980 834 τάχους
1002 755 1104 815 ποδῶν
1126 749 1199 831 ἡμῖν
1220 750 1419 834 ποριζόμενα,

229 864 246 926 5
262 853 336 914 κατδ
356 851 481 918 ἔκτασιν
500 857 584 916 τοῦῖ
604 849 743 918 Ἰωνικῶς
763 848 862 930 ’ίῆια,”
878 854 928 918 ἵνα
948 851 969 940 ᾗ
987 855 1068 935 παρὰ
1083 851 1119 917 τδ
1138 855 1176 919 ίω
1196 853 1233 919 τδ
1252 854 1421 936 πορεύομαι

263 957 310 1020 ίαν
325 960 360 1018 τδ
375 960 485 1038 βρῶμα
501 956 549 1019 καὶ
564 955 632 1034 ἤιον
647 954 786 1022 Ἰωνικῶς
802 956 850 1020 καὶ
863 956 898 1019 τδ
914 961 1118 1035 πληθυντικὸν
1131 962 1149 992 “
1158 955 1212 1036 ἤια
1222 956 1241 982 ”
1260 957 1331 1028 A÷

307 1076 378 1137 104
401 1055 596 1146 ἠλάσκουσα]
615 1060 678 1122 άλῶ
692 1059 800 1122 άλάσω
816 1059 941 1125 ἀλάσκω
957 1061 1005 1126 καὶ
1020 1061 1116 1148 τροπῇ
1132 1066 1186 1125 τοῦ
1199 1071 1218 1139 ἢ
1234 1060 1369 1140 ἠλάσκω

307 1175 378 1241 125.
403 1157 596 1249 κελευτιόων]
614 1163 893 1244 παρακελευόμενος
956 1165 1025 1231 128.
1049 1160 1215 1297 Ἀθηναίη]
1232 1164 1420 1247 ἡφρόνησις

307 1283 378 1350 130.
397 1262 609 1354 προθελύμνῳ]
627 1265 794 1351 ἑπαλλήλιρ

210 1386 248 1429 10
307 1387 378 1454 134.
402 1365 606 1456 ἐπτύσσοντο]
625 1371 668 1436 είς
683 1368 772 1433 ταύτδ
773 1396 790 1434 ν
806 1366 994 1450 συνήρχοντο

307 1491 377 1558 137.
403 1469 613 1561 ὀλοοίτροχος]
634 1476 722 1540 λίθος
744 1472 892 1555 περιφερῆ
895 1497 909 1538 ς
874 1472 949 1552 ὴό
971 1473 1005 1536 ἑν
1023 1475 1064 1558 τῷ
1088 1472 1208 1556 τρέχειν
1231 1472 1338 1549 όλοός,
1354 1471 1421 1535 ἐπεὶ

262 1577 505 1658 καταφερόμενος
521 1581 581 1642 πῶν
596 1578 630 1641 τὸ
646 1578 796 1657 ἐμπῖπτον
811 1575 948 1657 βλάπτει
963 1575 1030 1645 Α),

308 1699 377 1759 141.
403 1677 548 1768 ἔμπεδον]
565 1687 700 1765 συνεχῶς
803 1694 874 1763 159.
898 1675 1070 1766 τιτύσκετο]
1087 1679 1333 1763 κατεστοχάζετο
1345 1678 1414 1741 A:

306 1782 377 1867 163.
402 1779 505 1871 σχέθ’]
523 1784 677 1849 ἐκόλασεν
810 1783 881 1846 168.
905 1777 1079 1872 οἰσόμενος]
1097 1785 1233 1863 κομίσων
1248 1783 1318 1852 A÷

211 1902 247 1964 15
308 1887 385 1972 178..
401 1882 507 1974 μελίη]
528 1887 607 1953 εἶδος
627 1886 750 1968 δένδρου

308 2009 378 2076 199.
400 1987 534 2079 ῥωπήια]
555 1994 583 2054 οἱ
603 1992 701 2067 τόποι,
716 1991 790 2054 ἔνθα
812 1991 941 2070 φύονται
962 1992 1069 2072 ῥῶπες,
1085 1988 1214 2073 ξυλάριά
1237 2014 1307 2056 τινα
1329 1988 1419 2054 δυνά·

260 2118 337 2174 μενα
350 2093 444 2176 ῥίψαι
460 2093 521 2174 άμα
537 2094 578 2179 τῷ
596 2096 742 2174 κρατῆσαι
759 2091 807 2157 καὶ
823 2096 924 2158 κλῖναι

306 2217 377 2263 200.
400 2193 615 2285 γαμφηλῇσιν]
632 2202 698 2264 ταῖς
713 2198 856 2279 σιαγόσιν
942 2215 1013 2263 202.
1038 2192 1191 2286 κεφαλήν]
1208 2199 1262 2262 τοῦ
1275 2195 1419 2279 Ἰμβρίαυ

306 2321 378 2387 203.
401 2298 627 2389 Ἀμφιμάχοιο]
643 2300 715 2380 ύπέρ
805 2318 877 2366 211.
900 2300 969 2383 παρ’
987 2297 1121 2389 ἑταίρου]
1139 2302 1173 2364 ἑκ
1189 2304 1241 2363 τοῦ

210 2425 248 2466 νο
403 2400 435 2493 δ]
453 2407 538 2471 ὅστις
670 2422 742 2490 213.
766 2401 900 2490 ἔνεικαν]
917 2405 1065 2480 ἐκόμισαν

306 2526 377 2591 229.
402 2509 420 2572 ό
435 2505 479 2597 οἱ]
496 2506 645 2592 γράφεται
661 2513 678 2542 “
690 2509 741 2571 ὅτε
750 2506 769 2532 ”

306 2624 379 2694 237.
403 2605 574 2697 συμφερτή]
592 2608 818 2691 συμφορωτέρα,
834 2607 1053 2691 ῶφελιμωτίρα
1122 2604 1259 2696 λυγρῶν]
1275 2609 1419 2675 άσθενῶν

306 2710 378 2793 238.
402 2704 579 2796 ἀγαθοῖσιν]
596 2713 659 2775 τοῖς
676 2709 824 2790 ἀνδρείοις

306 2830 379 2896 239.
403 2808 735 2902 καὶ-ἐπισταίμεσθα]
754 2811 802 2877 καὶ
817 2811 947 2896 δυνα<ί>
893 2811 1027 2896 <>μεθα
1042 2831 1102 2875 rec.
1134 2886 1159 2910 .-

210 2941 247 3003 25
306 2934 379 2996 241.
402 2917 489 2980 ἕλετο
510 2914 554 2995 ἦν,
571 2915 621 2979 καὶ
636 2941 774 3003 συγκοπῃ
760 2916 871 2991 ἔλτο,
888 2915 938 2981 καὶ
953 2916 1046 2997 τροπῇ
1063 2941 1116 2979 του
1101 2918 1152 2977 λ
1169 2912 1247 2982 είς
1233 2942 1251 2981 ν
1269 2916 1350 2992 ἕντο,
1367 2913 1419 2979 και

262 3019 405 3102 προθέσει
420 3024 509 3102 τοθγ
526 3017 676 3102 ”“·γέντο’
700 3019 814 3084 ἔστιδὲ
830 3024 890 3084 τῶν
906 3018 1043 3083 Αἰολέων

306 3137 379 3204 252.
402 3118 467 3211 τεῦ]
485 3124 555 3204 περί
569 3147 649 3189 τινος
666 3121 730 3193 B÷
854 3137 926 3204 257.
951 3118 1125 3210 οἰσόμενος]
1144 3124 1240 3208 ἑαυτῷ

306 3227 378 3309 276.
402 3223 582 3314 λεγοίμεθα]
607 3226 824 3306 ἆθροιζοίμεθα,
850 3227 1076 3310 ἔπιλεγοίμεθα.
1100 3223 1119 3304 ἢ
1147 3226 1207 3289 άπδ
1231 3231 1285 3290 τοῦ
1308 3223 1419 3309 λόχου·

264 3332 313 3414 (εί
328 3330 515 3414 λεγοίμεθα)
530 3331 573 3396 είς
589 3327 694 3413 λόχον,
711 3327 781 3393 ούδέ
795 3355 847 3394 κεν
863 3330 936 3395 ἔνθα
950 3328 1020 3394 τεόν
1034 3355 1069 3411 γε
1084 3329 1175 3410 μίνος
1190 3326 1285 3416 (287)
1297 3329 1365 3399 Α-Ι-

210 3461 249 3520 30
307 3447 379 3518 279.
402 3435 529 3500 άλλυδις
547 3428 646 3520 ἄλλῃ]
664 3434 724 3496 άπδ
739 3432 838 3496 άλλου
853 3436 897 3500 είς
912 3434 992 3496 άλλο
1009 3433 1185 3515 κατάστημα

307 3538 379 3604 286.
403 3537 482 3601 δαίδι
498 3538 547 3600 καὶ
563 3538 701 3621 ἀποκοπῇ
719 3542 737 3571 “
747 3535 822 3600 δάι”

308 3643 381 3722 287.
405 3640 473 3705 ούδέ
487 3667 538 3706 κεν
554 3637 640 3727 ἔνθα]
658 3640 793 3719 οὐδαμῶς
924 3635 1039 3727 ὄνοιτο]
1058 3638 1215 3722 μέμψαιτό
1230 3666 1277 3707 τις

307 3746 379 3811 288.
403 3740 597 3832 πονεύμενος]
614 3746 746 3827 ἐνεργῶν

307 3868 380 3932 291.
404 3844 561 3936 ὀαριστύν]
580 3848 805 3933 συνομιλία<ν>
941 3848 1014 3932 298.
1038 3841 1117 3935 οἶος]
1135 3848 1240 3913 δποῖος

210 3978 248 4038 35
306 3971 379 4038 300.
404 3947 560 4039 ἐφόβησε]
578 3954 622 4018 είς
637 3950 738 4034 φυγὴν
754 3951 883 4031 ἔτρεψεν

305 4069 380 4141 307.
404 4050 590 4143 Δευκαλίδη]
607 4054 671 4121 υἱδς
687 4055 899 4119 Δευκαλίωνος
911 4052 979 4123 A÷

305 4172 379 4244 315.
401 4153 469 4246 μίν]
485 4162 593 4222 τοῦτον

407 4255 456 4326 καὶ
471 4260 639 4342 ἐσσύμενον
655 4256 816 4348 πολέμοιο]
835 4261 884 4325 καὶ
897 4261 970 4326 λίαν
985 4260 1229 4343 προθυμούμενον
1245 4265 1398 4344 πολεμεῖν

294 4527 317 4577 5.
334 4509 407 4576 ταθῇ
425 4518 435 4574 ΙΙ
455 4508 550 4561 Ιυνικδν
568 4517 579 4573 ss
598 4510 622 4562 6.
640 4509 733 4561 ίωνιιιδν
751 4515 762 4570 ΙΙ
782 4520 803 4575 7·
820 4508 873 4558 άλω
890 4512 901 4568 ΙΙ
922 4510 959 4559 18.
977 4507 1083 4573 δμθρόοιι
1100 4513 1111 4571 11
1134 4523 1172 4559 ιτ.
1191 4505 1315 4572 συνφερτό
1339 4512 1351 4568 fl
1378 4509 1418 4558 28.

259 4576 420 4642 δυροζδμεδα
438 4583 449 4641 ss
469 4592 507 4643 ²9·
525 4577 640 4642 mpplevi
651 4592 681 4628 ex
693 4577 719 4625 A
739 4579 749 4641 ΙΙ
770 4590 809 4639 3²·
827 4573 947 4641 μθμψοιτο
