3000 5040
479 975 919 1077 PRAEFATIO.

180 1263 328 1341 anevs
344 1266 450 1342 annis
468 1277 552 1367 post
570 1268 776 1343 confectum
788 1268 960 1344 volumen
976 1269 1078 1369 prius
1090 1268 1279 1344 emittenti

129 1379 284 1456 alterum
304 1384 503 1459 verendum
530 1395 598 1475 est,
618 1413 663 1460 ne
681 1386 727 1461 ob
745 1387 1003 1486 praetermissa
1019 1386 1201 1486 quaedam
1225 1413 1279 1461 re·

128 1498 342 1595 prehendar.

184 1639 212 1689 1.
240 1615 297 1689 Ac
328 1617 487 1715 primum
516 1617 664 1716 quidem
692 1620 772 1692 iure
800 1618 938 1694 indices
972 1618 1078 1694 omisi
1109 1618 1279 1717 quamvis

127 1728 276 1806 invitus.
339 1732 488 1807 Etenim
523 1762 607 1808 cum
642 1742 760 1809 totam
795 1735 1016 1811 scholiorum
1051 1736 1090 1810 in
1125 1735 1278 1810 Iliadem

127 1846 323 1922 editionem
343 1849 589 1925 Oxoniensem
614 1855 802 1926 nominum
829 1853 1049 1953 scriptorum
1068 1852 1279 1953 grammati·

126 1989 250 2038 carum
267 1991 390 2039 rerum
409 1966 591 2043 indicibus
611 1967 729 2069 plenis
756 1969 1014 2068 adcuratisque
1041 1996 1119 2044 esse
1145 1971 1199 2044 ita
1226 1969 1279 2043 in·

126 2082 404 2172 struendam,ut
417 2084 527 2158 simul
540 2087 742 2160 necessaria
756 2085 876 2160 multa
889 2087 937 2162 ad
949 2086 1138 2162 volumina
1151 2085 1278 2162 l—IV

126 2199 375 2299 suppleantur,
395 2212 580 2302 appareat,
600 2230 639 2277 re
656 2203 795 2277 dudum
823 2229 1013 2304 perpensa,
1032 2205 1205 2304 quoniam
1232 2231 1280 2279 ne

125 2316 183 2391 his
212 2343 276 2391 sex
306 2318 457 2416 quidem
487 2318 738 2395 voluminibus
764 2320 994 2397 satisfactum
1030 2349 1109 2396 esse
1143 2321 1279 2395 litteris

126 2433 330 2509 Homericis
347 2435 410 2509 sed
430 2436 566 2536 requiri
585 2463 658 2536 quo
677 2464 773 2537 quae
791 2437 933 2545 minora
951 2438 1126 2513 dicuntur
1142 2437 1280 2513 scholia

127 2549 161 2624 D
188 2553 544 2652 comprehendantur
570 2554 770 2654 septimum
797 2554 978 2644 intellexi,
997 2555 1138 2643 destiti,
1155 2581 1202 2629 ne
1227 2555 1280 2628 in-

127 2668 248 2743 dicum
274 2669 445 2745 fasciculo
468 2670 714 2745 excludantur
731 2698 826 2773 quae
843 2672 976 2772 quanti
1001 2673 1048 2746 ad
1069 2698 1177 2746 usum
1195 2698 1279 2746 cum

126 2796 330 2861 ceterorum
356 2787 520 2862 codicum
548 2799 630 2862 tum
658 2787 790 2863 Veneti
808 2791 844 2863 A
873 2787 1039 2863 facienda
1056 2798 1178 2863 essent
1198 2787 1278 2863 dixi

127 2930 195 3004 ego
212 2904 353 3004 primus
371 2904 471 3004 quod
488 2905 599 2979 sciam
620 2903 704 3004 (vol.
721 2904 753 2980 V
772 2933 806 3004 p.
821 2905 903 2978 xxii
920 2906 1025 3005 sqq.).
1083 2905 1218 2979 Postea
1240 2915 1280 2980 et

126 3021 437 3097 Wilamowitzius
472 3023 597 3098 Herm.
634 3022 704 3097 vol.
737 3022 853 3097 XXII
885 3049 920 3122 p.
950 3031 1022 3119 635
1056 3049 1110 3122 sq.
1141 3030 1178 3097 et
1211 3049 1280 3120 ego

127 3139 238 3214 etiam
264 3141 304 3214 in
331 3139 505 3238 Hesychii
522 3139 664 3214 lexicon
690 3139 824 3215 bonam
851 3138 1068 3215 scholiorum
1096 3138 1280 3213 minorum

126 3269 269 3358 partem
283 3286 377 3358 quae
394 3257 441 3331 ad
458 3256 693 3357 explicandas
705 3284 811 3332 voces
830 3267 974 3357 spectat
986 3266 1278 3356 transsumptam

127 3377 393 3476 perspeximus,
420 3384 459 3450 et
485 3401 578 3448 novo
603 3400 722 3473 nuper
738 3374 949 3448 testimonio
974 3373 1014 3448 in
1039 3372 1279 3448 relationibus

127 3494 344 3569 Academiae
371 3492 584 3567 Borussicae
611 3490 696 3565 anni
733 3497 825 3586 1887
852 3517 887 3590 p·
916 3495 988 3566 816
1017 3492 1104 3590 sqq.
1123 3488 1278 3591 vulgato

129 3637 270 3710 papyro
318 3609 479 3709 quodam
519 3609 714 3709 Aegyptio
757 3618 929 3709 apertum
972 3617 1031 3682 est
1074 3607 1148 3681 iam
1191 3617 1278 3682 ante

128 3728 315 3803 saeculum
341 3729 495 3802 tertium
513 3755 548 3826 p.
569 3725 654 3801 Chr.
678 3724 778 3802 illam
805 3723 985 3825 syllogam
1005 3725 1041 3799 D
1066 3725 1251 3799 exstitisse
1269 3754 1277 3800 :

127 3843 173 3917 de
192 3869 265 3940 quo
283 3841 446 3917 subsidio
464 3838 741 3914 Wilarnowitzii
767 3838 1027 3913 commentatio
1045 3838 1187 3937 (Herm.
1208 3836 1276 3913 vol.

128 3957 266 4033 XXIII
301 3987 336 4060 p.
370 3958 555 4056 142-147)
586 3955 756 4029 adeunda
785 3964 851 4029 est.
904 3954 1089 4029 Neutrum
1120 3981 1188 4054 ego
1214 3980 1279 4029 nec

129 4076 347 4151 scholiorum
381 4074 604 4149 ‘minorum'
642 4071 840 4147 editionem
877 4098 951 4171 qua
980 4096 1089 4171 aegre
1114 4097 1279 4145 caremus

129 4219 250 4293 neque
280 4192 417 4267 indices
446 4190 657 4280 conficiam;
693 4189 770 4265 fore
800 4200 926 4264 tamen
960 4214 1067 4288 spero
1096 4186 1161 4286 qui
1195 4194 1297 4263 con-'-

127 4310 262 4386 ficiant.

182 4455 213 4504 2.
241 4427 402 4502 Notulae
428 4451 529 4501 meae
555 4423 776 4524 marginales
800 4421 889 4522 quid
916 4421 988 4496 sibi
1016 4421 1143 4509 velint,
1166 4422 1238 4497 vol.
1259 4421 1278 4511 I

128 4575 163 4650 p.
183 4545 246 4622 xiv
266 4545 407 4621 dictum
431 4552 509 4651 est.
549 4542 632 4635 Qua
651 4541 690 4614 in
708 4568 746 4615 re
764 4567 810 4615 ne
830 4540 970 4640 parcior
987 4539 1122 4615 fuerim
1149 4539 1281 4615 timen-
