3000 5040
276 260 341 323 ιοο
676 258 847 322 muoz
870 260 908 325 κ.
930 254 1023 345 (ιι)

419 426 620 517 ῥαθάμιγγες]
638 431 670 493 αἱ
684 429 804 512 ῥανίδες
818 430 887 493 A:

322 552 397 620 539.
418 534 545 614 μίνυνθα
561 536 594 598 δὲ
605 533 715 616 χάζετο
726 530 846 622 δουρός]
859 535 928 599 οὐδὲ
939 535 1047 618 ὀλίγον
1057 535 1090 599 δέ
1100 533 1253 616 θπεχόρει
1268 531 1311 617 τῷ
1329 529 1434 610 δόρατι

322 654 396 721 540.
419 634 623 725 ἐπεπωλεῖτο]
646 640 722 702 οὕτω
741 638 892 722 γράφεται
913 642 994 722 παρὰ
1012 641 1054 724 τῷ
1074 641 1193 726 ποιητῇ·
1214 639 1336 721 γίνεται
1352 637 1386 698 δέ
1401 635 1434 696 ἐκ

279 749 332 806 τοῦ
348 742 432 806 πέλω
447 747 550 816 πωλεῖ,
568 742 607 808 ὡς
623 740 746 823 στρέφω
762 749 893 824 στρωφῶ

247 854 265 923 '5
323 860 397 927 541.
420 841 645 932 χερμαδίοισιν]
662 845 735 918 νόει,
752 845 799 908 ὄτι
815 847 880 929 εἶχε
897 838 998 912 ἐπάνω
1012 852 1065 910 τοῦ
1081 846 1214 927 ἅρματος
1229 845 1340 908 λίθους

323 951 396 1030 548.
419 944 671 1035 με<σ>σαύλοιο]
687 953 740 1028 τῆς
755 949 911 1016 ἐπαύλεως

324 1065 403 1134 552.
421 1048 570 1140 πρήσσει]
588 1052 778 1137 πράσ<σ>ει,
796 1053 878 1119 άνύει
893 1053 964 1116 Α·-

421 1156 542 1240 θαμέες]
556 1157 596 1224 ὣς
610 1155 680 1236 άξδς
695 1155 790 1236 ὀξέος,
807 1159 885 1222 ούτω
899 1159 949 1223 καὶ
965 1158 1059 1240 θαμδς
1073 1155 1184 1239 θαμέας

324 1274 397 1343 555.
419 1256 530 1348 ήῶθεν]
548 1260 650 1342 ἔωθεν,
666 1264 774 1343 ὄρθρου
788 1261 859 1324 Α·-

230 1392 267 1432 ιο
421 1366 480 1429 ἆπδ
496 1368 610 1448 νόσφιν
625 1360 700 1452 έβη]
716 1365 783 1445 ήτοι
798 1367 952 1450 ἐχωρίσθη
968 1366 1038 1428 A:
1167 1356 1318 1449 τετιηότι]
1339 1365 1436 1423 λελυ-

280 1468 400 1555 πημένῳ
414 1469 484 1532 A:

323 1587 397 1657 559.
421 1569 534 1661 νωθής]
550 1575 642 1656 ἀργός
656 1574 723 1647 A÷
861 1573 936 1655 561.
959 1569 1031 1661 βίη]
1049 1572 1139 1656 ίσχύς

416 1674 523 1765 νηπίη]
540 1675 673 1756 άσθενής
759 1675 834 1759 568.
857 1673 1067 1764 τρωπάσκετο]
1084 1674 1226 1757 ἐτρέπετο
1241 1675 1313 1736 A:

285 1778 288 1783 ’
324 1782 398 1863 588.
422 1777 648 1869 ἐλελιχθέντες]
667 1781 905 1863 ἐπιστραφέντες
919 1781 989 1843 A:

231 1915 266 1972 ¹5
422 1885 528 1964 νηλεές
542 1880 636 1972 ήμαρ]
654 1885 710 1964 τήν
725 1886 838 1964 άνηλεῆ
853 1883 965 1967 ἡμέραν

323 1999 397 2069 594.
422 1984 536 2077 ἀντίος]
554 1988 629 2052 κατὰ
644 1989 810 2069 πρόσωπον

324 2093 398 2156 601.
422 2087 763 2180 ίιῖκα-δακρυάεσσαν]
780 2091 835 2172 τήν
850 2089 954 2170 δίωξιν
968 2091 1025 2171 τήν
1040 2092 1139 2156 αἰτίαν
1154 2091 1291 2174 δακρύων
1305 2090 1376 2158 A÷

324 2194 398 2258 621.
422 2191 633 2283 ἀπεψύχοντο]
651 2193 810 2277 ἐξήραινον
942 2197 1015 2280 630.
1037 2191 1187 2282 χάλκεον]
1204 2199 1224 2232 “
1234 2194 1383 2278 χάλκειον
1395 2192 1412 2218 ”

423 2300 503 2383 ποτῷ
527 2293 623 2385 ὄψον]
641 2297 708 2378 ἤτοι
723 2298 847 2364 ποτικδν
863 2301 954 2381 ὄψον,
975 2299 993 2360 ὅ
1015 2300 1081 2363 ἐστι
1104 2297 1301 2380 προσφάγιον
1321 2300 1435 2378 δίψους

230 2424 268 2465 20
281 2402 564 2483 παρασκευαστικόν
579 2400 610 2463 A
618 2441 647 2450 -

325 2503 399 2589 631.
421 2500 570 2592 άλφίτον]
586 2504 654 2584 ήτοι
669 2505 760 2587 άρτου
772 2505 841 2568 A:
977 2505 1051 2589 639.
1074 2500 1145 2589 κνῆ]
1160 2504 1257 2586 έκοψε
1268 2504 1339 2568 A:

324 2610 399 2687 640.
424 2603 544 2695 κνήστι]
561 2632 598 2695 τη
613 2610 748 2694 μαχαίρᾳ
878 2607 952 2686 642.
976 2603 1108 2695 δφέτην]
1125 2608 1192 2688 ήτοι
1207 2608 1333 2689 άφῆιιαν

325 2712 399 2794 647.
422 2707 581 2799 ἑτέρωθεν]
598 2713 632 2774 ἐκ
647 2717 700 2775 τοῦ
715 2711 818 2792 ἑτέρου
830 2710 939 2793 μέρους
1069 2712 1142 2795 649.
1167 2704 1198 2800 θ]
1216 2713 1303 2778 ὅστις

325 2813 400 2897 669.
422 2809 623 2901 γναμπτοῖσι]
639 2819 702 2881 τοῖς
717 2813 937 2894 καμπτομένοις

230 2951 267 3010 ²5
326 2918 399 3000 673.
422 2917 572 3000 γράφεται
594 2917 754 2982 “Ἤλιδι”
779 2919 829 2982 καὶ
851 2923 960 2983 δασεῖα
983 2916 1032 2982 καὶ
1053 2917 1143 3000 ψιλή·
1167 2917 1216 2983 καὶ
1238 2919 1266 2984 εί
1286 2917 1346 2998 μέν
1367 2920 1434 2983 ἐστι

281 3027 399 3095 δασεῖα,
422 3022 537 3105 γίνεται
561 3021 621 3086 δπδ
643 3026 696 3084 τοῦ
718 3023 811 3101 άλίζω
834 3027 869 3085 τδ
892 3024 1086 3104 συναθροίζω·
1109 3023 1268 3087 ἐτελοῦντο
1291 3023 1352 3106 γὰρ
1372 3024 1436 3087 ἐκεῖ

281 3126 318 3190 τὰ
333 3125 489 3207 Ὀλύμπια
511 3127 560 3190 καί
581 3127 791 3207 συνηθροίζετο
812 3125 889 3192 λαὸς
908 3126 1013 3193 πολύς·
1036 3128 1086 3190 διδ
1105 3132 1180 3210 γοῦν
1195 3126 1230 3190 τδ
1250 3128 1346 3204 ὁλίζω
1361 3126 1435 3208 γρά-

163 3260 165 3264 ·
282 3237 373 3310 φεται
389 3235 506 3294 δασεῖα·
531 3231 558 3294 εί
573 3231 606 3311 δέ
621 3228 711 3311 ψιλή,
728 3232 829 3311 φαμέν
845 3232 893 3294 ὅτι
908 3230 943 3294 τδ
957 3241 976 3309 ῆ
991 3236 1050 3312 πρδ
1065 3217 1154 3293 τοῦλ
1169 3236 1318 3313 ψιλοῖιται

326 3336 399 3415 679.
424 3330 590 3422 συβόσεια]
607 3337 814 3417 χοιροφθρβια
944 3331 1075 3423 πλατέα]
1093 3335 1214 3419 μεγάλα

230 3474 269 3531 30
326 3436 399 3515 684.
422 3433 510 3524 τύχε]
528 3437 690 3520 κατέτνχεν

325 3540 398 3620 685.
423 3540 545 3622 κήρυκες
566 3539 594 3605 δ’
617 3536 786 3628 ἐλίγαινον]
812 3541 841 3604 ol
864 3548 924 3609 τῶν
947 3542 1072 3606 Πυλίων
1095 3540 1218 3623 κήρυκες
1243 3541 1340 3622 άξέως
1362 3545 1435 3608 ἐπε·

282 3648 429 3709 καλοῖντο
458 3645 589 3717 τούτους,
613 3645 658 3712 οῐς
684 3645 888 3725 ὀφειλόμενον
914 3645 951 3725 ἦν
977 3648 1010 3709 ἐν
1036 3644 1209 3732 τῇἯλιδι,
1235 3651 1371 3728 δραμεῖν,
1396 3647 1436 3714 ὣς

282 3745 545 3830 άφαρπασθέντων
560 3747 657 3812 αύτιῖν
672 3753 732 3814 τῶν
747 3747 924 3830 θρεμμάτων
939 3769 998 3812 ree.

327 3850 400 3914 686.
424 3846 505 3937 ίμεν]
523 3850 706 3932 πορεύεσθαι
835 3851 909 3916 688.
932 3847 1065 3940 Ἐπειοί]
1083 3853 1113 3915 οἱ
1129 3850 1250 3918 Ἠλεῖοι
1265 3853 1335 3923 Α-ι-

231 3995 268 4053 35
327 3955 400 4038 694
423 3949 521 4042 ταῦθ’]
539 3953 589 4018 διά

329 4071 400 4139 704.
424 4057 543 4121 ἄσπετα
559 4052 677 4144 πολλά]
695 4058 728 4122 ἐκ
747 4057 948 4140 παραλλήλου
962 4058 997 4123 τδ
1012 4060 1087 4124 αύτό

328 4172 400 4250 705.
424 4155 645 4249 ἀτεμβόμενος]
665 4163 979 4245 στερισκόμενοςΑτ
1113 4159 1200 4252 ἴσης]
1216 4165 1303 4243 τιμῆς

328 4276 401 4346 711.
423 4260 542 4351 αίπεῖα]
557 4263 664 4347 ὑψηλή
798 4281 869 4347 720.
891 4266 1091 4351 μετέπρεπον]
1107 4266 1275 4350 ἐνέπρεπον

328 4379 401 4453 723.
422 4364 567 4456 Ἀρήνης]
584 4373 637 4448 τῆς
654 4372 773 4437 πόλεως
787 4374 841 4449 τῆς
857 4369 963 4435 Πύλου
977 4370 1046 4433 A:

315 4514 338 4565 3.
354 4500 418 4551 οθτο
428 4518 479 4553 που
490 4508 587 4554 eertum
605 4509 616 4564 ΙΙ
634 4517 656 4567 5.
667 4502 771 4568 άρματος
782 4506 830 4557 W:
847 4504 946 4567 αἵματος
958 4511 968 4565 11
988 4520 1027 4571 25-
1038 4505 1159 4571 γράφεται
1167 4504 1248 4557 Ἤλιδι
1260 4507 1365 4573 mpni:
1385 4507 1440 4558 δι”

282 4570 331 4633 legi
345 4574 355 4627 ΙΙ
369 4581 409 4630 32.
421 4568 518 4631 δραμεῖν
528 4569 555 4618 ἐν
565 4567 597 4634 τῇ
609 4569 688 4618 Ἤλιδι
