3000 5040
499 286 670 349 11111102
693 286 728 347 z.
751 281 818 369 (6)
1169 284 1232 345 515

128 461 201 541 778.
225 454 342 545 ἴθμαθ’]
364 458 401 522 τὰ
418 460 499 541 ῖχνη,
520 459 558 520 τά
577 455 711 538 βήματα.
743 454 823 537 παρὰ
845 453 880 518 τὸ
903 454 963 535 εῖμι
992 455 1055 535 ῖμα,
1070 451 1111 521 ὣς
1132 455 1234 534 τίθημι

83 566 170 645 θέμα,
188 564 237 629 καί
251 565 435 647 πλεονασμῷ
450 567 503 626 τοῦ
517 547 538 625 θ
552 562 626 640 ίθμα

128 668 202 750 782.
226 663 392 754 εἰλόμενοι]
410 665 674 746 συναθροιζόμεναι

128 771 202 853 786.
227 767 413 859 αὐδήσασχ’]
430 770 552 852 ἐφώνει,
568 769 647 848 ἐβόα
661 787 721 830 ree.
811 767 886 848 796.
909 761 1094 854 τελαμῶνος]
1112 765 1235 848 ἱμάντας

131 889 203 958 799.
230 870 500 962 ἱππείου-ζυγοῦ]
517 877 569 935 τοῦ
584 877 644 935 τῶν
659 873 761 936 ίππων
1248 880 1265 939 5

129 980 202 1043 800.
225 978 244 1059 ή
260 975 382 1066 ὀλίγον]
399 979 467 1042 οθδέ
482 978 590 1060 όλίγαν
606 997 663 1042 ree.

130 1083 203 1145 810.
228 1078 439 1170 προφρονέως]
456 1081 616 1163 προθύμως
630 1101 690 1143 rec.

130 1185 202 1249 811.
227 1181 375 1273 πολυᾶιξ]
393 1186 601 1267 πολυόρμητος
735 1183 809 1267 823.
830 1179 994 1272 ἀλήμεναι]
1011 1184 1210 1267 ἀθροισθῆναι

130 1289 203 1375 830.
228 1286 370 1377 σχεδίην]
387 1291 420 1352 ἐκ
436 1293 488 1351 τοῦ
504 1289 651 1371 σύνεγγυς
781 1283 866 1374 άζεο]
883 1287 981 1367 σέβου

132 1392 249 1477 832-4.
276 1392 430 1474 ἐρμηνεθει
447 1390 559 1458 ὡσανεὶ
573 1398 608 1454 τὸ
624 1399 642 1426 “
653 1392 916 1471 ἀλλοπρόσαλλον
926 1389 944 1416 ”
959 1388 1051 1478 (831)
1253 1408 1290 1448 10

132 1495 204 1578 858.
226 1493 338 1584 ἐδαφε]
356 1494 491 1575 διέτεμεν
506 1515 565 1559 ree.

132 1600 205 1665 860.
227 1594 414 1685 ἐννεάχιλοι]
428 1585 450 1663 θ
464 1597 604 1682 χιλιάδες
727 1594 899 1684 δεκάχιλοι]
915 1597 988 1662 δέκα
1002 1597 1141 1681 χιλιάδες

134 1702 204 1782 864.
228 1698 491 1790 ἐρεβεννή-ἀήρ]
509 1703 640 1784 ἀορασία

133 1808 207 1891 879.
230 1801 470 1893 προτιβάλλεαι]
488 1804 692 1884 ἐπιπλήσσεις

133 1909 206 1972 886.
231 1903 427 1996 νεκάδεσσιν]
444 1909 656 1990 νεκροκοιτίοις
793 1907 867 1992 893.
891 1904 1022 1996 σπουδῇ]
1039 1908 1127 1990 μόγις
1254 1922 1290 1976 15

134 2012 208 2096 894.
232 2008 422 2100 ἐννεσίῃσιν]
440 2016 639 2092 συμβουλαῖς·
663 2012 723 2077 ἀπὸ
737 2016 790 2075 τοῖν
805 2013 904 2091 ἐνίημι

133 2136 207 2199 901.
232 2113 440 2204 ἐπειγόμενος]
457 2114 684 2197 ταρασσόμενος
848 2110 939 2203 ὀπός]
954 2115 973 2195 ἡ
990 2115 1081 2180 πιτόα

230 2222 334 2303 ὥσπερ
357 2222 374 2284 ά
396 2221 472 2286 όπός
492 2220 687 2301 βαλλόμενος
709 2221 753 2286 είς
774 2225 809 2283 τὸ
831 2217 913 2301 γάλα
934 2220 1027 2303 ὑγρὸν
1041 2217 1077 2284 ὃν
1091 2218 1240 2301 ταράσσει

89 2327 187 2390 έκεῖνο

134 2446 208 2511 902.
231 2425 457 2511 περιτρέφεται]
478 2426 695 2511 περιπήγνυται
823 2421 982 2514 κυκόωντι]
998 2426 1039 2511 τῷ
1055 2425 1240 2510 ταράσσοντι
1255 2444 1293 2485 20

648 2674 682 2735 Ζ.

139 2828 166 2873 1.
189 2804 339 2896 φύλοπις]
363 2805 383 2888 ή
404 2807 464 2872 ἀπὸ
486 2812 539 2871 τοῦ
560 2807 635 2870 κατὰ
658 2810 742 2887 φῦλα
763 2804 918 2887 μάχεσθαι
941 2803 1179 2889 συνερχομένους
1200 2802 1241 2868 ad

90 2934 139 2996 pr.
154 2911 227 2977 add.
242 2934 302 2978 ree.

136 3034 166 3081 2.
191 3018 241 3081 άτέ
263 3017 319 3097 μέν
341 3021 401 3080 rav
420 3014 554 3099 Ἀχαιῶν
569 3014 797 3095 ἀνατρεπόντων
819 3013 888 3080 τοὺς
908 3017 1023 3095 Τρῶας,
1040 3014 1090 3077 άτέ
1112 3016 1145 3079 δέ
1167 3012 1241 3078 άνα-

91 3119 283 3202 τρεπομένων
297 3118 348 3183 ὑπ’
363 3119 461 3183 αὐτῶν
475 3124 540 3190 A÷
1257 3136 1295 3194 25

138 3241 168 3305 9·
194 3218 408 3310 ἱπποδασείης]
428 3222 604 3303 ίππολόφου
619 3242 679 3285 ree.

136 3325 189 3412 38.
212 3320 396 3412 ἀτυζομένω]
413 3325 601 3407 φοβούμενοι
615 3345 676 3388 ree.
807 3343 860 3402 40.
883 3318 1006 3410 πράτιρ]
1022 3325 1061 3409 τῷ
1077 3323 1157 3410 άκριρ
1173 3327 1235 3393 Αί·

137 3429 190 3493 60.
214 3425 360 3516 άφαντοι]
377 3428 535 3509 ἀνώνυμοι,
552 3427 681 3510 ἀφανεῖς

136 3534 190 3598 62.
212 3528 382 3619 παρειπάν]
399 3531 690 3614 παραμυθησόμενος
704 3552 766 3595 rec.

137 3634 190 3715 64.
212 3639 255 3720 τῷ
270 3634 380 3701 πλάτει
395 3640 448 3699 τοῦ
462 3635 555 3702 ποδὸς
569 3634 706 3714 πατάξας
719 3655 780 3699 rec.
1257 3656 1296 3714 30

138 3738 188 3821 78.
211 3738 278 3819 ήτοι
295 3738 427 3822 ἔγκειται
445 3741 479 3803 ἐν
493 3739 529 3826 τῇ
544 3737 671 3823 θμετέρη
686 3739 824 3820 φροντίδι
840 3738 974 3819 σωτηρία
989 3743 1050 3804 τῶν.
1062 3735 1244 3820 πραγμάτων

93 3840 134 3906 ad
151 3863 198 3926 pr.
214 3841 288 3905 add.
303 3862 362 3906 rec.
380 3848 442 3912 114

138 3944 191 4027 78,
207 3967 238 4031 9.
262 3946 357 4031 ό<τ>ι
373 3948 448 4010 κατά
464 3944 563 4010 πάντα
577 3947 615 4008 τά
634 3943 708 4025 μέρη
724 3948 778 4025 τῆς
799 3944 900 4027 μάχης
922 3946 972 4010 καὶ
995 3948 1048 4024 τῆς
1068 3942 1246 4026 φρονήσεως

92 4048 178 4129 ὑμεῖς
193 4046 353 4130 διαφέρετε
367 4068 429 4111 rec.

140 4151 191 4214 81.
213 4152 285 4233 πρὶν
303 4151 369 4236 <-
382 4147 543 4239 πεσέειν)]
560 4151 667 4219 αὐτούς
1259 4168 1297 4227 35

139 4253 191 4339 83.
213 4249 427 4341 ἐποτρόνητον]
443 4253 630 4337 παροξύνητε

141 4376 193 4442 94.
216 4351 298 4441 ἤνις]
316 4357 383 4423 ένος
398 4357 415 4420 ὁ
431 4356 575 4435 ἐνιαυτός,
589 4355 769 4439 παράνομον
784 4356 845 4424 ένις
861 4358 911 4422 καὶ
926 4356 1021 4444 τροπή
1036 4360 1089 4422 ταΰ
1103 4355 1121 4423 ἔ
1136 4354 1214 4438 είςῆ

132 4490 171 4541 15.
184 4473 369 4541 νεκρακοιτυίαις
388 4482 399 4536 ΙΙ
421 4476 460 4526 18.
472 4473 591 4539 ταράσσει
604 4476 637 4524 W
649 4492 680 4525 ex
690 4475 708 4525 1.
722 4489 768 4525 τοι
779 4473 868 4526 τάσσει
887 4481 898 4538 ΙΙ
917 4489 955 4526 ιο.
967 4475 1152 4542 τεριστρίφιται
1161 4482 1249 4529 textu·

100 4544 112 4601 ΙΙ
123 4540 171 4591 διὸ
182 4548 243 4592 ante
254 4542 289 4604 τῷ
302 4540 387 4591 delevi
397 4546 428 4591 αι
438 4541 464 4591 Ι)
476 4544 487 4601 u
501 4555 541 4607 τη.
552 4539 779 4605 παραμυθησάμενος
789 4542 830 4594 D:
847 4540 1065 4607 παρακαθισάμενος
1077 4548 1089 4605 ΙΙ
1101 4556 1142 4608 30·
1154 4540 1249 4594 πατάσ-

98 4623 143 4656 w
160 4612 172 4667 11
191 4605 230 4670 36.
248 4603 410 4670 ἐτοτρίτιτον
419 4611 505 4657 textus

645 4670 725 4739 112
