<?xml version="1.0" encoding="UTF-8"?>
<!DOCTYPE html PUBLIC "-//W3C//DTD XHTML 1.0 Transitional//EN"
    "http://www.w3.org/TR/xhtml1/DTD/xhtml1-transitional.dtd">
<html xmlns="http://www.w3.org/1999/xhtml" xml:lang="en" lang="en">
 <head>
  <title>
</title>
<meta http-equiv="Content-Type" content="text/html;charset=utf-8" />
  <meta name='ocr-system' content='tesseract 3.04.00' />
  <meta name='ocr-capabilities' content='ocr_page ocr_carea ocr_par ocr_line ocrx_word'/>
</head>
<body>
  <div class='ocr_page' id='page_1' title='image "./scholiagraecain00dindgoog_0567.png"; bbox 0 0 3000 5040; ppageno 0'>
   <div class='ocr_carea' id='block_1_1' title="bbox 212 237 959 329">
    <p class='ocr_par' dir='ltr' id='par_1_1' title="bbox 212 237 959 329">
     <span class='ocr_line' id='line_1_1' title="bbox 212 237 959 329; baseline 0.003 -27"><span class='ocrx_word' id='word_1_1' title='bbox 212 239 278 302; x_wconf 77' lang='grc' dir='ltr'>σοι</span> <span class='ocrx_word' id='word_1_2' title='bbox 623 244 793 305; x_wconf 75' lang='grc' dir='ltr'>ικικαον</span> <span class='ocrx_word' id='word_1_3' title='bbox 814 246 851 305; x_wconf 80' lang='grc' dir='ltr'>ς.</span> <span class='ocrx_word' id='word_1_4' title='bbox 873 237 959 329; x_wconf 79' lang='lat'>(20)</span> 
     </span>
    </p>
   </div>
   <div class='ocr_carea' id='block_1_2' title="bbox 117 410 1370 4317">
    <p class='ocr_par' dir='ltr' id='par_1_2' title="bbox 117 410 1370 4317">
     <span class='ocr_line' id='line_1_2' title="bbox 258 410 601 500; baseline 0.017 -28"><span class='ocrx_word' id='word_1_5' title='bbox 258 410 308 492; x_wconf 87' lang='lat'>78.</span> <span class='ocrx_word' id='word_1_6' title='bbox 328 410 442 500; x_wconf 78' lang='grc' dir='ltr'>Ἀρηα]</span> <span class='ocrx_word' id='word_1_7' title='bbox 460 419 494 476; x_wconf 88' lang='grc' dir='ltr'>τδ</span> <span class='ocrx_word' id='word_1_8' title='bbox 511 412 601 495; x_wconf 80' lang='grc' dir='ltr'>ξίφος</span> 
     </span>
     <span class='ocr_line' id='line_1_3' title="bbox 257 512 1151 604; baseline 0.001 -24"><span class='ocrx_word' id='word_1_9' title='bbox 257 533 308 598; x_wconf 91' lang='grc'>92.</span> <span class='ocrx_word' id='word_1_10' title='bbox 331 512 529 604; x_wconf 88' lang='grc' dir='ltr'>Λυρνησσόν]</span> <span class='ocrx_word' id='word_1_11' title='bbox 546 518 636 582; x_wconf 94' lang='grc' dir='ltr'>πόλις</span> <span class='ocrx_word' id='word_1_12' title='bbox 651 521 710 581; x_wconf 90' lang='grc' dir='ltr'>τῶν</span> <span class='ocrx_word' id='word_1_13' title='bbox 724 514 941 581; x_wconf 75' lang='grc' dir='ltr'>Ὑποπλακίων</span> <span class='ocrx_word' id='word_1_14' title='bbox 957 520 1075 596; x_wconf 83' lang='grc' dir='ltr'>Θηβῶν</span> <span class='ocrx_word' id='word_1_15' title='bbox 1090 537 1151 581; x_wconf 83' lang='lat' dir='ltr'>rec.</span> 
     </span>
     <span class='ocr_line' id='line_1_4' title="bbox 355 616 988 707; baseline 0.006 -26"><span class='ocrx_word' id='word_1_16' title='bbox 355 616 516 707; x_wconf 81' lang='grc' dir='ltr'>Πήδασον]</span> <span class='ocrx_word' id='word_1_17' title='bbox 534 620 625 687; x_wconf 92' lang='grc' dir='ltr'>πόλις</span> <span class='ocrx_word' id='word_1_18' title='bbox 640 622 673 683; x_wconf 74' lang='grc' dir='ltr'>ἐν</span> <span class='ocrx_word' id='word_1_19' title='bbox 687 618 910 705; x_wconf 81' lang='grc' dir='ltr'>Ἑλλησπόντῳ</span> <span class='ocrx_word' id='word_1_20' title='bbox 928 641 988 685; x_wconf 80' lang='grc' dir='ltr'>τοο.</span> 
     </span>
     <span class='ocr_line' id='line_1_5' title="bbox 257 719 1361 810; baseline 0.005 -27"><span class='ocrx_word' id='word_1_21' title='bbox 257 722 309 802; x_wconf 91' lang='grc'>96.</span> <span class='ocrx_word' id='word_1_22' title='bbox 335 719 532 810; x_wconf 78' lang='grc' dir='ltr'>(Λέλεγας&gt;]</span> <span class='ocrx_word' id='word_1_23' title='bbox 563 723 632 788; x_wconf 81' lang='grc' dir='ltr'>τοὺς</span> <span class='ocrx_word' id='word_1_24' title='bbox 658 725 691 786; x_wconf 76' lang='grc' dir='ltr'>ἐν</span> <span class='ocrx_word' id='word_1_25' title='bbox 716 721 986 807; x_wconf 70' lang='grc' dir='ltr'>“Ε&lt;λ&gt;λησπόντιρ</span> <span class='ocrx_word' id='word_1_26' title='bbox 1014 720 1074 786; x_wconf 83' lang='grc' dir='ltr'>ἀπὸ</span> <span class='ocrx_word' id='word_1_27' title='bbox 1097 726 1151 801; x_wconf 88' lang='grc' dir='ltr'>τῆς</span> <span class='ocrx_word' id='word_1_28' title='bbox 1178 721 1361 788; x_wconf 76' lang='grc' dir='ltr'>Θεσσαλίας</span> 
     </span>
     <span class='ocr_line' id='line_1_6' title="bbox 181 827 647 908; baseline 0 -19"><span class='ocrx_word' id='word_1_29' title='bbox 181 842 199 902; x_wconf 85' lang='grc'><strong>5</strong></span> <span class='ocrx_word' id='word_1_30' title='bbox 213 827 347 908; x_wconf 78' lang='grc' dir='ltr'>πρώτους</span> <span class='ocrx_word' id='word_1_31' title='bbox 363 833 573 892; x_wconf 80' lang='grc' dir='ltr'>κατοικοῦντας</span> <span class='ocrx_word' id='word_1_32' title='bbox 588 846 647 889; x_wconf 81' lang='lat' dir='ltr'>ree.</span> 
     </span>
     <span class='ocr_line' id='line_1_7' title="bbox 259 925 1157 1017; baseline 0 -25"><span class='ocrx_word' id='word_1_33' title='bbox 259 947 330 995; x_wconf 93' lang='lat'>122.</span> <span class='ocrx_word' id='word_1_34' title='bbox 353 926 501 1017; x_wconf 73' lang='grc' dir='ltr'>δευέσθω]</span> <span class='ocrx_word' id='word_1_35' title='bbox 519 932 712 1013; x_wconf 88' lang='grc' dir='ltr'>προσδείσθω</span> <span class='ocrx_word' id='word_1_36' title='bbox 729 951 787 993; x_wconf 83' lang='lat' dir='ltr'>rec.</span> <span class='ocrx_word' id='word_1_37' title='bbox 880 950 950 1015; x_wconf 84' lang='lat'>123.</span> <span class='ocrx_word' id='word_1_38' title='bbox 974 925 1084 1017; x_wconf 89' lang='grc' dir='ltr'>πόρος]</span> <span class='ocrx_word' id='word_1_39' title='bbox 1102 935 1157 994; x_wconf 91' lang='grc' dir='ltr'>νῦν</span> 
     </span>
     <span class='ocr_line' id='line_1_8' title="bbox 259 1030 1163 1123; baseline 0.006 -27"><span class='ocrx_word' id='word_1_40' title='bbox 259 1052 329 1113; x_wconf 88' lang='grc'>129.</span> <span class='ocrx_word' id='word_1_41' title='bbox 354 1030 445 1122; x_wconf 89' lang='grc' dir='ltr'>θεῶν]</span> <span class='ocrx_word' id='word_1_42' title='bbox 461 1033 528 1113; x_wconf 85' lang='grc' dir='ltr'>ἤτοι</span> <span class='ocrx_word' id='word_1_43' title='bbox 542 1035 628 1114; x_wconf 83' lang='grc' dir='ltr'>ἡμῶν</span> <span class='ocrx_word' id='word_1_44' title='bbox 643 1035 740 1099; x_wconf 75' lang='grc' dir='ltr'>αὐτῶν</span> <span class='ocrx_word' id='word_1_45' title='bbox 827 1032 943 1123; x_wconf 80' lang='grc' dir='ltr'>ὀμφῆς]</span> <span class='ocrx_word' id='word_1_46' title='bbox 962 1037 1043 1102; x_wconf 85' lang='grc' dir='ltr'>θείας</span> <span class='ocrx_word' id='word_1_47' title='bbox 1059 1037 1163 1117; x_wconf 89' lang='grc' dir='ltr'>φωνῆς</span> 
     </span>
     <span class='ocr_line' id='line_1_9' title="bbox 258 1137 862 1222; baseline 0.008 -22"><span class='ocrx_word' id='word_1_48' title='bbox 258 1152 328 1222; x_wconf 89' lang='grc'>137.</span> <span class='ocrx_word' id='word_1_49' title='bbox 353 1144 372 1174; x_wconf 83' lang='grc'>“</span> <span class='ocrx_word' id='word_1_50' title='bbox 384 1137 506 1202; x_wconf 88' lang='grc' dir='ltr'>πότου”</span> <span class='ocrx_word' id='word_1_51' title='bbox 523 1137 590 1218; x_wconf 85' lang='grc' dir='ltr'>ἤτοι</span> <span class='ocrx_word' id='word_1_52' title='bbox 605 1143 658 1218; x_wconf 80' lang='grc' dir='ltr'>τῆς</span> <span class='ocrx_word' id='word_1_53' title='bbox 674 1140 862 1219; x_wconf 76' lang='grc' dir='ltr'>πατουμένης</span> 
     </span>
     <span class='ocr_line' id='line_1_10' title="bbox 258 1237 1315 1330; baseline 0.001 -27"><span class='ocrx_word' id='word_1_54' title='bbox 258 1259 329 1318; x_wconf 88' lang='lat'>140.</span> <span class='ocrx_word' id='word_1_55' title='bbox 353 1241 481 1325; x_wconf 80' lang='grc' dir='ltr'>ὀρεῖται]</span> <span class='ocrx_word' id='word_1_56' title='bbox 496 1240 657 1325; x_wconf 82' lang='grc' dir='ltr'>γενήσεται</span> <span class='ocrx_word' id='word_1_57' title='bbox 748 1244 819 1306; x_wconf 89' lang='grc'>162.</span> <span class='ocrx_word' id='word_1_58' title='bbox 843 1237 958 1330; x_wconf 89' lang='grc' dir='ltr'>θοῦριν]</span> <span class='ocrx_word' id='word_1_59' title='bbox 976 1240 1042 1321; x_wconf 82' lang='grc' dir='ltr'>ἤτοι</span> <span class='ocrx_word' id='word_1_60' title='bbox 1057 1242 1113 1321; x_wconf 78' lang='grc' dir='ltr'>τὴν</span> <span class='ocrx_word' id='word_1_61' title='bbox 1129 1241 1315 1323; x_wconf 88' lang='grc' dir='ltr'>θονροποιόν</span> 
     </span>
     <span class='ocr_line' id='line_1_11' title="bbox 162 1340 1361 1432; baseline -0.001 -24"><span class='ocrx_word' id='word_1_62' title='bbox 162 1365 200 1408; x_wconf 79' lang='grc'>10</span> <span class='ocrx_word' id='word_1_63' title='bbox 258 1344 330 1408; x_wconf 88' lang='grc'>168.</span> <span class='ocrx_word' id='word_1_64' title='bbox 356 1340 509 1432; x_wconf 73' lang='grc' dir='ltr'>&lt;ἐόλη&gt;].</span> <span class='ocrx_word' id='word_1_65' title='bbox 522 1397 529 1411; x_wconf 94' lang='grc'>.</span> <span class='ocrx_word' id='word_1_66' title='bbox 543 1391 550 1407; x_wconf 93' lang='grc'>.</span> <span class='ocrx_word' id='word_1_67' title='bbox 563 1397 569 1409; x_wconf 93' lang='grc'>.</span> <span class='ocrx_word' id='word_1_68' title='bbox 584 1347 676 1412; x_wconf 81' lang='grc' dir='ltr'>οὕτως</span> <span class='ocrx_word' id='word_1_69' title='bbox 689 1348 721 1409; x_wconf 76' lang='grc' dir='ltr'>ἑκ</span> <span class='ocrx_word' id='word_1_70' title='bbox 731 1351 784 1409; x_wconf 85' lang='grc' dir='ltr'>τοῦ</span> <span class='ocrx_word' id='word_1_71' title='bbox 793 1344 878 1409; x_wconf 89' lang='grc' dir='ltr'>ἀλόω</span> <span class='ocrx_word' id='word_1_72' title='bbox 890 1348 955 1409; x_wconf 88' lang='grc' dir='ltr'>ἀλῶ</span> <span class='ocrx_word' id='word_1_73' title='bbox 968 1346 1071 1425; x_wconf 86' lang='grc' dir='ltr'>όλημι,</span> <span class='ocrx_word' id='word_1_74' title='bbox 1081 1346 1098 1407; x_wconf 87' lang='grc' dir='ltr'>ό</span> <span class='ocrx_word' id='word_1_75' title='bbox 1106 1344 1234 1424; x_wconf 83' lang='grc' dir='ltr'>μέλλων</span> <span class='ocrx_word' id='word_1_76' title='bbox 1246 1343 1361 1422; x_wconf 83' lang='grc' dir='ltr'>ἀλῆσω,</span> 
     </span>
     <span class='ocr_line' id='line_1_12' title="bbox 212 1446 1362 1531; baseline -0.001 -20"><span class='ocrx_word' id='word_1_77' title='bbox 212 1446 279 1529; x_wconf 83' lang='grc' dir='ltr'>δβ’</span> <span class='ocrx_word' id='word_1_78' title='bbox 293 1449 435 1531; x_wconf 79' lang='grc' dir='ltr'>ἀόριστος</span> <span class='ocrx_word' id='word_1_79' title='bbox 450 1449 584 1529; x_wconf 78' lang='grc' dir='ltr'>ὤφειλεν</span> <span class='ocrx_word' id='word_1_80' title='bbox 600 1450 677 1513; x_wconf 83' lang='grc' dir='ltr'>εἶναι</span> <span class='ocrx_word' id='word_1_81' title='bbox 699 1448 787 1529; x_wconf 83' lang='grc' dir='ltr'>ῆλην,</span> <span class='ocrx_word' id='word_1_82' title='bbox 801 1450 942 1515; x_wconf 77' lang='grc' dir='ltr'>Ἰωνικῶς</span> <span class='ocrx_word' id='word_1_83' title='bbox 962 1451 995 1512; x_wconf 72' lang='grc' dir='ltr'>δὲ</span> <span class='ocrx_word' id='word_1_84' title='bbox 1018 1449 1096 1526; x_wconf 85' lang='grc' dir='ltr'>ἀλην</span> <span class='ocrx_word' id='word_1_85' title='bbox 1117 1449 1167 1513; x_wconf 81' lang='grc' dir='ltr'>καὶ</span> <span class='ocrx_word' id='word_1_86' title='bbox 1191 1450 1270 1512; x_wconf 79' lang='grc' dir='ltr'>κατὰ</span> <span class='ocrx_word' id='word_1_87' title='bbox 1292 1448 1362 1528; x_wconf 91' lang='grc' dir='ltr'>πρό-</span> 
     </span>
     <span class='ocr_line' id='line_1_13' title="bbox 214 1552 766 1633; baseline -0.002 -17"><span class='ocrx_word' id='word_1_88' title='bbox 214 1557 301 1617; x_wconf 89' lang='grc' dir='ltr'>θεσιν</span> <span class='ocrx_word' id='word_1_89' title='bbox 315 1556 368 1615; x_wconf 83' lang='grc' dir='ltr'>τοῦ</span> <span class='ocrx_word' id='word_1_90' title='bbox 383 1552 400 1617; x_wconf 70' lang='grc' dir='ltr'><strong>ἓ</strong></span> <span class='ocrx_word' id='word_1_91' title='bbox 415 1553 510 1633; x_wconf 77' lang='grc' dir='ltr'>ἒόλην</span> <span class='ocrx_word' id='word_1_92' title='bbox 526 1552 618 1631; x_wconf 76' lang='grc' dir='ltr'>ἓάλης</span> <span class='ocrx_word' id='word_1_93' title='bbox 634 1559 649 1586; x_wconf 90' lang='lat'><strong>“</strong></span> <span class='ocrx_word' id='word_1_94' title='bbox 663 1552 738 1632; x_wconf 70' lang='grc' dir='ltr'>ἓόλη</span> <span class='ocrx_word' id='word_1_95' title='bbox 749 1553 766 1577; x_wconf 87' lang='grc'>”</span> 
     </span>
     <span class='ocr_line' id='line_1_14' title="bbox 259 1651 1113 1742; baseline 0.002 -24"><span class='ocrx_word' id='word_1_96' title='bbox 259 1673 331 1737; x_wconf 91' lang='grc'>172.</span> <span class='ocrx_word' id='word_1_97' title='bbox 353 1651 453 1742; x_wconf 69' lang='grc' dir='ltr'>μένει]</span> <span class='ocrx_word' id='word_1_98' title='bbox 473 1654 647 1742; x_wconf 81' lang='grc' dir='ltr'>τῇδυνόμει</span> <span class='ocrx_word' id='word_1_99' title='bbox 782 1656 851 1738; x_wconf 89' lang='grc'>189.</span> <span class='ocrx_word' id='word_1_100' title='bbox 876 1651 966 1742; x_wconf 82' lang='grc' dir='ltr'>σεῦα]</span> <span class='ocrx_word' id='word_1_101' title='bbox 987 1655 1113 1720; x_wconf 77' lang='grc' dir='ltr'>ἐδίωκον</span> 
     </span>
     <span class='ocr_line' id='line_1_15' title="bbox 258 1755 875 1846; baseline 0.003 -25"><span class='ocrx_word' id='word_1_102' title='bbox 258 1777 331 1843; x_wconf 90' lang='lat'>190.</span> <span class='ocrx_word' id='word_1_103' title='bbox 353 1755 621 1846; x_wconf 81' lang='grc' dir='ltr'>μετετροπαλίζεο]</span> <span class='ocrx_word' id='word_1_104' title='bbox 639 1759 875 1843; x_wconf 72' lang='grc' dir='ltr'>ἑπε&lt;σ&gt;τρόφον</span> 
     </span>
     <span class='ocr_line' id='line_1_16' title="bbox 163 1858 1078 1950; baseline 0.001 -27"><span class='ocrx_word' id='word_1_105' title='bbox 163 1881 199 1938; x_wconf 83' lang='lat'>15</span> <span class='ocrx_word' id='word_1_106' title='bbox 261 1873 331 1946; x_wconf 85' lang='lat'>195.</span> <span class='ocrx_word' id='word_1_107' title='bbox 355 1863 391 1925; x_wconf 69' lang='grc' dir='ltr'>σέ</span> <span class='ocrx_word' id='word_1_108' title='bbox 406 1858 545 1949; x_wconf 77' lang='grc' dir='ltr'>ῥύεσθαι]</span> <span class='ocrx_word' id='word_1_109' title='bbox 562 1863 616 1927; x_wconf 88' lang='grc' dir='ltr'>τὸν</span> <span class='ocrx_word' id='word_1_110' title='bbox 633 1864 694 1926; x_wconf 87' lang='grc' dir='ltr'>Δία</span> <span class='ocrx_word' id='word_1_111' title='bbox 825 1858 922 1950; x_wconf 72' lang='grc' dir='ltr'>θυμῷ]</span> <span class='ocrx_word' id='word_1_112' title='bbox 940 1863 1078 1949; x_wconf 78' lang='grc' dir='ltr'>τῇφνχῆ</span> 
     </span>
     <span class='ocr_line' id='line_1_17' title="bbox 259 1962 730 2053; baseline 0.006 -24"><span class='ocrx_word' id='word_1_113' title='bbox 259 1965 330 2049; x_wconf 91' lang='lat'><strong>196.</strong></span> <span class='ocrx_word' id='word_1_114' title='bbox 353 1962 504 2053; x_wconf 79' lang='grc' dir='ltr'>βάλλεαι]</span> <span class='ocrx_word' id='word_1_115' title='bbox 522 1965 570 2031; x_wconf 86' lang='grc' dir='ltr'>καὶ</span> <span class='ocrx_word' id='word_1_116' title='bbox 586 1966 730 2047; x_wconf 85' lang='grc' dir='ltr'>στρέφεις</span> 
     </span>
     <span class='ocr_line' id='line_1_18' title="bbox 258 2066 1366 2158; baseline -0.005 -23"><span class='ocrx_word' id='word_1_117' title='bbox 258 2087 331 2135; x_wconf 87' lang='grc'>202.</span> <span class='ocrx_word' id='word_1_118' title='bbox 358 2066 532 2158; x_wconf 83' lang='grc' dir='ltr'>&lt;αίσνλα&gt;]</span> <span class='ocrx_word' id='word_1_119' title='bbox 555 2071 684 2134; x_wconf 80' lang='grc' dir='ltr'>αίουλον</span> <span class='ocrx_word' id='word_1_120' title='bbox 705 2076 740 2133; x_wconf 84' lang='grc' dir='ltr'>τὸ</span> <span class='ocrx_word' id='word_1_121' title='bbox 760 2069 898 2149; x_wconf 92' lang='grc' dir='ltr'>μόταιον.</span> <span class='ocrx_word' id='word_1_122' title='bbox 921 2073 1003 2146; x_wconf 76' lang='grc' dir='ltr'>παρὰ</span> <span class='ocrx_word' id='word_1_123' title='bbox 1022 2069 1057 2133; x_wconf 86' lang='grc' dir='ltr'>τὸ</span> <span class='ocrx_word' id='word_1_124' title='bbox 1078 2069 1097 2137; x_wconf 80' lang='grc' dir='ltr'>ἷι</span> <span class='ocrx_word' id='word_1_125' title='bbox 1119 2074 1300 2150; x_wconf 83' lang='grc' dir='ltr'>στερητικὸν</span> <span class='ocrx_word' id='word_1_126' title='bbox 1320 2070 1366 2131; x_wconf 88' lang='grc' dir='ltr'>καὶ</span> 
     </span>
     <span class='ocr_line' id='line_1_19' title="bbox 212 2172 1364 2258; baseline 0 -23"><span class='ocrx_word' id='word_1_127' title='bbox 212 2172 248 2236; x_wconf 87' lang='grc' dir='ltr'>τδ</span> <span class='ocrx_word' id='word_1_128' title='bbox 271 2180 356 2236; x_wconf 88' lang='grc' dir='ltr'>σνλῶ</span> <span class='ocrx_word' id='word_1_129' title='bbox 377 2178 413 2236; x_wconf 87' lang='grc' dir='ltr'>τὸ</span> <span class='ocrx_word' id='word_1_130' title='bbox 429 2175 567 2238; x_wconf 90' lang='grc' dir='ltr'>σκνλεύω</span> <span class='ocrx_word' id='word_1_131' title='bbox 590 2173 715 2251; x_wconf 85' lang='grc' dir='ltr'>ἀσολον,</span> <span class='ocrx_word' id='word_1_132' title='bbox 739 2175 788 2238; x_wconf 81' lang='grc' dir='ltr'>καὶ</span> <span class='ocrx_word' id='word_1_133' title='bbox 812 2176 996 2258; x_wconf 76' lang='grc' dir='ltr'>πλεονασμῷ</span> <span class='ocrx_word' id='word_1_134' title='bbox 1021 2182 1073 2239; x_wconf 89' lang='grc' dir='ltr'>τοῦ</span> <span class='ocrx_word' id='word_1_135' title='bbox 1099 2177 1277 2240; x_wconf 84' lang='grc' dir='ltr'>ῖαίσολον·</span> <span class='ocrx_word' id='word_1_136' title='bbox 1310 2172 1364 2256; x_wconf 82' lang='grc' dir='ltr'>οὐχ</span> 
     </span>
     <span class='ocr_line' id='line_1_20' title="bbox 214 2278 1091 2360; baseline 0.005 -21"><span class='ocrx_word' id='word_1_137' title='bbox 214 2279 333 2358; x_wconf 74' lang='grc' dir='ltr'>αἱρετόν</span> <span class='ocrx_word' id='word_1_138' title='bbox 347 2279 406 2360; x_wconf 76' lang='grc' dir='ltr'>γὰρ</span> <span class='ocrx_word' id='word_1_139' title='bbox 422 2282 581 2358; x_wconf 88' lang='grc' dir='ltr'>φρονοῦντι</span> <span class='ocrx_word' id='word_1_140' title='bbox 599 2280 777 2357; x_wconf 87' lang='grc' dir='ltr'>ονληθῆναι,</span> <span class='ocrx_word' id='word_1_141' title='bbox 794 2281 917 2360; x_wconf 78' lang='grc' dir='ltr'>πρᾶγμα</span> <span class='ocrx_word' id='word_1_142' title='bbox 932 2278 1091 2360; x_wconf 73' lang='grc' dir='ltr'>ἀνωφελές</span> 
     </span>
     <span class='ocr_line' id='line_1_21' title="bbox 117 2377 846 2468; baseline 0.007 -27"><span class='ocrx_word' id='word_1_143' title='bbox 117 2430 123 2441; x_wconf 90' lang='grc'>.</span> <span class='ocrx_word' id='word_1_144' title='bbox 161 2401 200 2443; x_wconf 90' lang='grc' dir='ltr'>2ο</span> <span class='ocrx_word' id='word_1_145' title='bbox 259 2397 331 2460; x_wconf 91' lang='lat'>207.</span> <span class='ocrx_word' id='word_1_146' title='bbox 355 2377 539 2468; x_wconf 79' lang='grc' dir='ltr'>ἁλοσύδνης]</span> <span class='ocrx_word' id='word_1_147' title='bbox 557 2384 609 2459; x_wconf 85' lang='grc' dir='ltr'>τῆς</span> <span class='ocrx_word' id='word_1_148' title='bbox 625 2380 846 2464; x_wconf 90' lang='grc' dir='ltr'>θαλασ&lt;σ&gt;ίας</span> 
     </span>
     <span class='ocr_line' id='line_1_22' title="bbox 259 2480 923 2570; baseline 0.003 -23"><span class='ocrx_word' id='word_1_149' title='bbox 259 2485 331 2547; x_wconf 91' lang='grc'>218.</span> <span class='ocrx_word' id='word_1_150' title='bbox 353 2480 516 2570; x_wconf 83' lang='grc' dir='ltr'>ὑπωρείας]</span> <span class='ocrx_word' id='word_1_151' title='bbox 533 2488 571 2548; x_wconf 79' lang='grc' dir='ltr'>τὰ</span> <span class='ocrx_word' id='word_1_152' title='bbox 587 2484 665 2548; x_wconf 86' lang='grc' dir='ltr'>κόπω</span> <span class='ocrx_word' id='word_1_153' title='bbox 680 2484 755 2566; x_wconf 77' lang='grc' dir='ltr'>μέρη</span> <span class='ocrx_word' id='word_1_154' title='bbox 771 2491 832 2547; x_wconf 89' lang='grc' dir='ltr'>τῶν</span> <span class='ocrx_word' id='word_1_155' title='bbox 845 2485 923 2566; x_wconf 85' lang='grc' dir='ltr'>ἀρῶν</span> 
     </span>
     <span class='ocr_line' id='line_1_23' title="bbox 259 2585 932 2674; baseline 0 -21"><span class='ocrx_word' id='word_1_156' title='bbox 259 2605 331 2653; x_wconf 90' lang='grc'>221.</span> <span class='ocrx_word' id='word_1_157' title='bbox 354 2585 707 2674; x_wconf 71' lang='grc' dir='ltr'>ἵπποι-βουκολέοντο]</span> <span class='ocrx_word' id='word_1_158' title='bbox 725 2592 806 2672; x_wconf 76' lang='grc' dir='ltr'>παρὰ</span> <span class='ocrx_word' id='word_1_159' title='bbox 820 2593 932 2674; x_wconf 88' lang='grc' dir='ltr'>χρῆσιν</span> 
     </span>
     <span class='ocr_line' id='line_1_24' title="bbox 260 2688 672 2779; baseline 0.005 -23"><span class='ocrx_word' id='word_1_160' title='bbox 260 2710 332 2758; x_wconf 91' lang='grc'>222.</span> <span class='ocrx_word' id='word_1_161' title='bbox 356 2688 521 2779; x_wconf 76' lang='grc' dir='ltr'>ἀταλῇσιν]</span> <span class='ocrx_word' id='word_1_162' title='bbox 540 2694 672 2759; x_wconf 77' lang='grc' dir='ltr'>ἁπαλαῖς</span> 
     </span>
     <span class='ocr_line' id='line_1_25' title="bbox 260 2798 826 2880; baseline 0.004 -20"><span class='ocrx_word' id='word_1_163' title='bbox 260 2814 323 2880; x_wconf 84' lang='lat'>230</span> <span class='ocrx_word' id='word_1_164' title='bbox 338 2817 403 2879; x_wconf 80' lang='lat' dir='ltr'>sqq.</span> <span class='ocrx_word' id='word_1_165' title='bbox 751 2798 826 2863; x_wconf 86' lang='grc' dir='ltr'>Ζεύς</span> 
     </span>
     <span class='ocr_line' id='line_1_26' title="bbox 714 2898 870 2982; baseline 0.026 -20"><span class='ocrx_word' id='word_1_166' title='bbox 714 2898 870 2982; x_wconf 87' lang='grc' dir='ltr'>Δόρδανος</span> 
     </span>
     <span class='ocr_line' id='line_1_27' title="bbox 697 3002 888 3085; baseline 0.021 -20"><span class='ocrx_word' id='word_1_167' title='bbox 697 3002 888 3085; x_wconf 87' lang='grc' dir='ltr'>Ἐριχθόνιος</span> 
     </span>
     <span class='ocr_line' id='line_1_28' title="bbox 745 3108 832 3187; baseline 0.034 -19"><span class='ocrx_word' id='word_1_168' title='bbox 745 3108 832 3187; x_wconf 82' lang='grc' dir='ltr'>Τρώς</span> 
     </span>
     <span class='ocr_line' id='line_1_29' title="bbox 515 3193 1106 3276; baseline 0.003 -17"><span class='ocrx_word' id='word_1_169' title='bbox 515 3194 599 3262; x_wconf 83' lang='grc' dir='ltr'>Ἰλος</span> <span class='ocrx_word' id='word_1_170' title='bbox 913 3193 1106 3276; x_wconf 83' lang='grc' dir='ltr'>Ἀσσάρακος</span> 
     </span>
     <span class='ocr_line' id='line_1_30' title="bbox 475 3296 1060 3378; baseline 0.003 -16"><span class='ocrx_word' id='word_1_171' title='bbox 475 3298 638 3378; x_wconf 78' lang='grc' dir='ltr'>Λαομέδων</span> <span class='ocrx_word' id='word_1_172' title='bbox 956 3296 1060 3364; x_wconf 86' lang='grc' dir='ltr'>Κόπνς</span> 
     </span>
     <span class='ocr_line' id='line_1_31' title="bbox 162 3399 1077 3483; baseline 0.003 -19"><span class='ocrx_word' id='word_1_173' title='bbox 162 3424 201 3483; x_wconf 77' lang='lat'>30</span> <span class='ocrx_word' id='word_1_174' title='bbox 488 3404 625 3483; x_wconf 87' lang='grc' dir='ltr'>Πρίαμος</span> <span class='ocrx_word' id='word_1_175' title='bbox 925 3399 1077 3483; x_wconf 84' lang='grc' dir='ltr'>Ἀγχίσης</span> 
     </span>
     <span class='ocr_line' id='line_1_32' title="bbox 493 3503 1062 3586; baseline 0.005 -19"><span class='ocrx_word' id='word_1_176' title='bbox 493 3503 613 3586; x_wconf 84' lang='grc' dir='ltr'>Ἕκτωρ</span> <span class='ocrx_word' id='word_1_177' title='bbox 941 3506 1062 3570; x_wconf 77' lang='grc' dir='ltr'>Αἰνείας</span> 
     </span>
     <span class='ocr_line' id='line_1_33' title="bbox 259 3605 851 3695; baseline -0.003 -22"><span class='ocrx_word' id='word_1_178' title='bbox 259 3628 333 3695; x_wconf 83' lang='grc'>234.</span> <span class='ocrx_word' id='word_1_179' title='bbox 357 3605 577 3695; x_wconf 75' lang='grc' dir='ltr'>ἀνηρείψαντο]</span> <span class='ocrx_word' id='word_1_180' title='bbox 595 3607 851 3688; x_wconf 58' lang='grc' dir='ltr'>ἀνῆρπασανΑη-</span> 
     </span>
     <span class='ocr_line' id='line_1_34' title="bbox 260 3709 1370 3796; baseline -0.005 -16"><span class='ocrx_word' id='word_1_181' title='bbox 260 3729 333 3796; x_wconf 82' lang='lat'>247.</span> <span class='ocrx_word' id='word_1_182' title='bbox 356 3712 417 3778; x_wconf 82' lang='grc' dir='ltr'>οὐδ’</span> <span class='ocrx_word' id='word_1_183' title='bbox 433 3711 472 3777; x_wconf 83' lang='grc' dir='ltr'>δν</span> <span class='ocrx_word' id='word_1_184' title='bbox 494 3717 564 3778; x_wconf 89' lang='grc' dir='ltr'>ναῦς</span> <span class='ocrx_word' id='word_1_185' title='bbox 587 3711 694 3776; x_wconf 80' lang='grc' dir='ltr'>ἑκατὸν</span> <span class='ocrx_word' id='word_1_186' title='bbox 710 3711 854 3791; x_wconf 71' lang='grc' dir='ltr'>καθέδρας</span> <span class='ocrx_word' id='word_1_187' title='bbox 876 3711 992 3794; x_wconf 79' lang='grc' dir='ltr'>ἔχουσα</span> <span class='ocrx_word' id='word_1_188' title='bbox 1008 3710 1041 3773; x_wconf 85' lang='grc' dir='ltr'>τὸ</span> <span class='ocrx_word' id='word_1_189' title='bbox 1056 3709 1153 3792; x_wconf 82' lang='grc' dir='ltr'>βάρος</span> <span class='ocrx_word' id='word_1_190' title='bbox 1168 3717 1229 3774; x_wconf 91' lang='grc' dir='ltr'>τῶν</span> <span class='ocrx_word' id='word_1_191' title='bbox 1244 3711 1370 3775; x_wconf 80' lang='grc' dir='ltr'>ὀνειδῶν</span> 
     </span>
     <span class='ocr_line' id='line_1_35' title="bbox 215 3817 305 3902; baseline 0.011 -21"><span class='ocrx_word' id='word_1_192' title='bbox 215 3817 305 3902; x_wconf 71' lang='grc' dir='ltr'>φέροι</span> 
     </span>
     <span class='ocr_line' id='line_1_36' title="bbox 163 3917 943 4006; baseline -0.009 -18"><span class='ocrx_word' id='word_1_193' title='bbox 163 3941 201 4001; x_wconf 84' lang='grc'>35</span> <span class='ocrx_word' id='word_1_194' title='bbox 260 3922 332 4001; x_wconf 88' lang='lat'>248.</span> <span class='ocrx_word' id='word_1_195' title='bbox 356 3917 503 4006; x_wconf 83' lang='grc' dir='ltr'>στρεπτή]</span> <span class='ocrx_word' id='word_1_196' title='bbox 521 3921 564 3985; x_wconf 85' lang='grc' dir='ltr'>είς</span> <span class='ocrx_word' id='word_1_197' title='bbox 579 3920 703 3984; x_wconf 79' lang='grc' dir='ltr'>ἔπαινον</span> <span class='ocrx_word' id='word_1_198' title='bbox 719 3920 767 3982; x_wconf 90' lang='grc' dir='ltr'>καὶ</span> <span class='ocrx_word' id='word_1_199' title='bbox 784 3920 827 3984; x_wconf 84' lang='grc' dir='ltr'>είς</span> <span class='ocrx_word' id='word_1_200' title='bbox 841 3921 943 4001; x_wconf 75' lang='grc' dir='ltr'>ψόγον</span> 
     </span>
     <span class='ocr_line' id='line_1_37' title="bbox 259 4019 1213 4111; baseline -0.004 -20"><span class='ocrx_word' id='word_1_201' title='bbox 259 4037 330 4106; x_wconf 83' lang='grc'>255.</span> <span class='ocrx_word' id='word_1_202' title='bbox 355 4020 438 4111; x_wconf 77' lang='grc' dir='ltr'>ἔτεό]</span> <span class='ocrx_word' id='word_1_203' title='bbox 457 4025 556 4101; x_wconf 89' lang='grc' dir='ltr'>ἀληθῆ</span> <span class='ocrx_word' id='word_1_204' title='bbox 690 4022 762 4086; x_wconf 89' lang='grc'>268.</span> <span class='ocrx_word' id='word_1_205' title='bbox 787 4019 926 4110; x_wconf 74' lang='grc' dir='ltr'>ἐρύκακε]</span> <span class='ocrx_word' id='word_1_206' title='bbox 942 4022 1010 4100; x_wconf 87' lang='grc' dir='ltr'>ἤτοι</span> <span class='ocrx_word' id='word_1_207' title='bbox 1026 4021 1060 4085; x_wconf 81' lang='grc' dir='ltr'>τὸ</span> <span class='ocrx_word' id='word_1_208' title='bbox 1078 4021 1213 4106; x_wconf 81' lang='grc' dir='ltr'>(ἔγχος)</span> 
     </span>
     <span class='ocr_line' id='line_1_38' title="bbox 261 4122 1010 4213; baseline -0.008 -19"><span class='ocrx_word' id='word_1_209' title='bbox 261 4145 332 4209; x_wconf 93' lang='grc'>272.</span> <span class='ocrx_word' id='word_1_210' title='bbox 356 4122 483 4213; x_wconf 74' lang='grc' dir='ltr'>ἔσχετο]</span> <span class='ocrx_word' id='word_1_211' title='bbox 500 4125 615 4211; x_wconf 74' lang='grc' dir='ltr'>ἐσχέθη</span> <span class='ocrx_word' id='word_1_212' title='bbox 705 4127 777 4208; x_wconf 88' lang='grc'>276.</span> <span class='ocrx_word' id='word_1_213' title='bbox 800 4123 898 4212; x_wconf 85' lang='grc' dir='ltr'>ῥινός]</span> <span class='ocrx_word' id='word_1_214' title='bbox 916 4125 1010 4207; x_wconf 82' lang='grc' dir='ltr'>δέρμα</span> 
     </span>
     <span class='ocr_line' id='line_1_39' title="bbox 259 4225 1165 4317; baseline -0.001 -23"><span class='ocrx_word' id='word_1_215' title='bbox 259 4250 333 4317; x_wconf 88' lang='grc'>311.</span> <span class='ocrx_word' id='word_1_216' title='bbox 359 4227 516 4316; x_wconf 74' lang='grc' dir='ltr'>ἐρύσσεαι]</span> <span class='ocrx_word' id='word_1_217' title='bbox 534 4228 715 4309; x_wconf 82' lang='grc' dir='ltr'>καταθήσεις</span> <span class='ocrx_word' id='word_1_218' title='bbox 846 4232 920 4313; x_wconf 89' lang='grc'>328.</span> <span class='ocrx_word' id='word_1_219' title='bbox 944 4225 1005 4317; x_wconf 83' lang='grc' dir='ltr'>ίξε]</span> <span class='ocrx_word' id='word_1_220' title='bbox 1023 4227 1165 4293; x_wconf 79' lang='grc' dir='ltr'>ἑκόθισεν</span> 
     </span>
    </p>
   </div>
   <div class='ocr_carea' id='block_1_3' title="bbox 215 4346 1370 4609">
    <p class='ocr_par' dir='ltr' id='par_1_3' title="bbox 215 4346 1370 4609">
     <span class='ocr_line' id='line_1_40' title="bbox 250 4346 1370 4412; baseline -0.002 -13"><span class='ocrx_word' id='word_1_221' title='bbox 250 4351 273 4400; x_wconf 86' lang='grc'>8.</span> <span class='ocrx_word' id='word_1_222' title='bbox 290 4349 345 4410; x_wconf 59' lang='lat' dir='ltr'>fsto«</span> <span class='ocrx_word' id='word_1_223' title='bbox 363 4346 441 4397; x_wconf 77' lang='grc' dir='ltr'>τάτον</span> <span class='ocrx_word' id='word_1_224' title='bbox 451 4349 495 4409; x_wconf 81' lang='grc' dir='ltr'>τῆς</span> <span class='ocrx_word' id='word_1_225' title='bbox 510 4346 587 4397; x_wconf 83' lang='grc' dir='ltr'>τόπου</span> <span class='ocrx_word' id='word_1_226' title='bbox 599 4364 675 4411; x_wconf 79' lang='grc' dir='ltr'>αργηι</span> <span class='ocrx_word' id='word_1_227' title='bbox 687 4348 747 4412; x_wconf 77' lang='lat' dir='ltr'>legi,</span> <span class='ocrx_word' id='word_1_228' title='bbox 758 4353 787 4397; x_wconf 65' lang='lat' dir='ltr'>at</span> <span class='ocrx_word' id='word_1_229' title='bbox 796 4364 872 4411; x_wconf 80' lang='grc' dir='ltr'>αργης</span> <span class='ocrx_word' id='word_1_230' title='bbox 883 4349 1012 4397; x_wconf 76' lang='lat' dir='ltr'>incertum.</span> <span class='ocrx_word' id='word_1_231' title='bbox 1031 4352 1042 4407; x_wconf 93' lang='grc' dir='ltr'>ΙΙ</span> <span class='ocrx_word' id='word_1_232' title='bbox 1062 4360 1099 4395; x_wconf 89' lang='lat'>10.</span> <span class='ocrx_word' id='word_1_233' title='bbox 1117 4347 1235 4397; x_wconf 59' lang='lat' dir='ltr'><strong>lacunam</strong></span> <span class='ocrx_word' id='word_1_234' title='bbox 1247 4348 1370 4406; x_wconf 65' lang='lat' dir='ltr'><strong>indicavi,</strong></span> 
     </span>
     <span class='ocr_line' id='line_1_41' title="bbox 215 4412 1370 4480; baseline -0.003 -15"><span class='ocrx_word' id='word_1_235' title='bbox 215 4417 277 4480; x_wconf 67' lang='lat' dir='ltr'><strong>quia</strong></span> <span class='ocrx_word' id='word_1_236' title='bbox 287 4415 392 4465; x_wconf 70' lang='lat' dir='ltr'><strong>dimidia</strong></span> <span class='ocrx_word' id='word_1_237' title='bbox 402 4415 490 4464; x_wconf 71' lang='lat' dir='ltr'><strong>scholii</strong></span> <span class='ocrx_word' id='word_1_238' title='bbox 502 4430 559 4478; x_wconf 75' lang='lat' dir='ltr'>pm</span> <span class='ocrx_word' id='word_1_239' title='bbox 572 4415 666 4479; x_wconf 70' lang='lat' dir='ltr'><strong>partim</strong></span> <span class='ocrx_word' id='word_1_240' title='bbox 681 4414 839 4478; x_wconf 61' lang='lat' dir='ltr'>bibliopega</span> <span class='ocrx_word' id='word_1_241' title='bbox 851 4414 926 4478; x_wconf 67' lang='lat' dir='ltr'><strong>eulpa</strong></span> <span class='ocrx_word' id='word_1_242' title='bbox 941 4419 1064 4462; x_wconf 74' lang='lat' dir='ltr'><strong>resectum</strong></span> <span class='ocrx_word' id='word_1_243' title='bbox 1080 4412 1197 4476; x_wconf 72' lang='lat' dir='ltr'><strong>deperiit,</strong></span> <span class='ocrx_word' id='word_1_244' title='bbox 1209 4414 1305 4477; x_wconf 64' lang='lat' dir='ltr'>partim</span> <span class='ocrx_word' id='word_1_245' title='bbox 1318 4413 1370 4477; x_wconf 78' lang='lat' dir='ltr'>legi</span> 
     </span>
     <span class='ocr_line' id='line_1_42' title="bbox 216 4478 1369 4544; baseline -0.003 -14"><span class='ocrx_word' id='word_1_246' title='bbox 216 4481 290 4531; x_wconf 79' lang='lat' dir='ltr'>hodie</span> <span class='ocrx_word' id='word_1_247' title='bbox 305 4482 337 4531; x_wconf 91' lang='lat' dir='ltr'>ob</span> <span class='ocrx_word' id='word_1_248' title='bbox 353 4479 473 4530; x_wconf 71' lang='lat' dir='ltr'>ennidu</span> <span class='ocrx_word' id='word_1_249' title='bbox 488 4480 588 4530; x_wconf 63' lang='lat' dir='ltr'><strong>littam</strong></span> <span class='ocrx_word' id='word_1_250' title='bbox 602 4496 653 4528; x_wconf 87' lang='lat' dir='ltr'>non</span> <span class='ocrx_word' id='word_1_251' title='bbox 669 4485 766 4543; x_wconf 72' lang='grc' dir='ltr'>μοδοοος</span> <span class='ocrx_word' id='word_1_252' title='bbox 783 4480 815 4529; x_wconf 86' lang='lat' dir='ltr'>de</span> <span class='ocrx_word' id='word_1_253' title='bbox 829 4484 977 4543; x_wconf 68' lang='lat' dir='ltr'><strong>argumento</strong></span> <span class='ocrx_word' id='word_1_254' title='bbox 993 4479 1025 4528; x_wconf 76' lang='lat' dir='ltr'>ef.</span> <span class='ocrx_word' id='word_1_255' title='bbox 1038 4478 1080 4528; x_wconf 76' lang='lat' dir='ltr'>Et.</span> <span class='ocrx_word' id='word_1_256' title='bbox 1096 4479 1134 4529; x_wconf 87' lang='lat' dir='ltr'>M.</span> <span class='ocrx_word' id='word_1_257' title='bbox 1146 4495 1200 4530; x_wconf 73' lang='grc' dir='ltr'>ιτ.</span> <span class='ocrx_word' id='word_1_258' title='bbox 1220 4483 1230 4539; x_wconf 85' lang='grc' dir='ltr'>ΙΙ</span> <span class='ocrx_word' id='word_1_259' title='bbox 1252 4491 1290 4544; x_wconf 85' lang='lat'>19.</span> <span class='ocrx_word' id='word_1_260' title='bbox 1308 4488 1369 4541; x_wconf 76' lang='grc' dir='ltr'>φρο·</span> 
     </span>
     <span class='ocr_line' id='line_1_43' title="bbox 217 4542 1111 4609; baseline -0.002 -15"><span class='ocrx_word' id='word_1_261' title='bbox 217 4546 297 4596; x_wconf 80' lang='grc' dir='ltr'>νοῦνπι</span> <span class='ocrx_word' id='word_1_262' title='bbox 309 4547 358 4595; x_wconf 87' lang='lat' dir='ltr'>W:</span> <span class='ocrx_word' id='word_1_263' title='bbox 375 4545 512 4609; x_wconf 80' lang='grc' dir='ltr'>φθονοῦντα</span> <span class='ocrx_word' id='word_1_264' title='bbox 531 4546 542 4605; x_wconf 91' lang='grc' dir='ltr'>ΙΙ</span> <span class='ocrx_word' id='word_1_265' title='bbox 562 4558 602 4609; x_wconf 79' lang='lat'>3⁵·</span> <span class='ocrx_word' id='word_1_266' title='bbox 621 4542 717 4594; x_wconf 73' lang='grc' dir='ltr'>ἔπαινον</span> <span class='ocrx_word' id='word_1_267' title='bbox 728 4545 853 4595; x_wconf 76' lang='lat' dir='ltr'>incertum</span> <span class='ocrx_word' id='word_1_268' title='bbox 871 4549 881 4605; x_wconf 83' lang='grc'>[1</span> <span class='ocrx_word' id='word_1_269' title='bbox 901 4545 940 4606; x_wconf 81' lang='lat'>38.</span> <span class='ocrx_word' id='word_1_270' title='bbox 956 4542 1111 4606; x_wconf 67' lang='grc' dir='ltr'>καταθήσεις</span> 
     </span>
    </p>
   </div>
   <div class='ocr_carea' id='block_1_4' title="bbox 0 0 1505 5040">
    <p class='ocr_par' dir='ltr' id='par_1_4' title="bbox 0 0 1505 5040">
     <span class='ocr_line' id='line_1_44' title="bbox 0 0 1505 5040; baseline 0 0"><span class='ocrx_word' id='word_1_271' title='bbox 0 0 1505 5040; x_wconf 95' lang='lat' dir='ltr'> </span> 
     </span>
    </p>
   </div>
  </div>
 </body>
</html>
