3000 5040
564 282 734 343 ιιικοος
759 285 789 343 P.
813 276 899 365 (17)
1243 278 1307 341 545

201 451 275 531 548.
299 450 374 514 κατὰ
390 446 513 537 κρῆθεν]
531 453 606 514 κατὰ
622 451 729 532 κρατός
858 463 932 531 554.
955 446 1080 537 λάσιον]
1099 451 1228 516 συνετόν

200 553 275 636 558.
299 554 334 617 τδ
348 557 405 630 μέν
423 559 439 587 “
450 554 584 632 ἐσήλατο
594 553 611 578 ”
628 552 695 618 ἀντὶ
710 559 762 616 τοῦ
778 553 939 634 ἐπήδησεν·
979 552 1028 618 ἐπὶ
1048 559 1102 617 τοῦ
1112 552 1258 635 Ἕκτορος
1273 556 1306 618 δέ

155 655 210 740 (ΙΙ.
230 677 278 722 12.
294 658 374 742 438)
391 658 664 739 κρεῖσσον-οὗτος
686 660 744 740 γάρ
765 657 916 737 ἐπήδησεν
932 659 975 724 εἰς
998 664 1032 720 τό
1055 659 1251 742 τεῖχος-ἐπὶ
1273 661 1307 720 δέ

155 767 208 824 τοῦ
231 763 425 843 Σαρπηδόνος
447 761 482 825 τὸ
505 761 684 826 ἐσάλευσεν·
716 762 782 825 εἶπε
804 760 862 844 γάρ
885 763 991 825 ὄπιθεν
1013 767 1047 823 τό
1062 767 1078 795 “
1089 762 1256 842 Σαρπηδὼν
1278 760 1305 824 δ’

156 864 203 947 ἄρ’
222 863 350 944 ἔπαλξιν
365 864 497 943 λαβόν”
513 863 569 951 (ib.
587 862 664 949 397)
679 863 746 934 A÷
1321 879 1341 940 5

199 969 274 1048 586.
290 970 323 1032 ἐκ
339 974 392 1032 τοῦ
404 969 452 1031 ἰθύ
467 967 515 1031 καὶ
526 974 578 1032 τοῦ
592 967 682 1048 μένος
694 965 853 1048 Ἰθαμένης
863 964 912 1030 καέ
926 966 1102 1048 Ἰθαιμένης,
1119 967 1154 1032 οὗ
1169 973 1204 1031 τδ
1218 967 1308 1047 μένος

155 1071 241 1136 ἐστὶν
257 1072 315 1136 ἐθό.
342 1073 483 1152 σημαίνει
498 1075 531 1137 δέ
547 1072 580 1136 τὸ
597 1074 692 1152 ὄνομα
707 1072 760 1135 τδν
775 1071 1020 1151 πολεμικώτατον

199 1175 274 1259 589.
297 1172 442 1264 άσ<σ>η]
459 1178 559 1254 ὁπόση
691 1171 845 1262 αἰγανέης]
866 1175 1003 1240 ἀκοντίου

201 1280 275 1356 614.
298 1276 486 1366 πελεμίχθη]
504 1280 630 1359 ἐσείσθη

200 1384 274 1466 617.
298 1385 366 1462 τρία
389 1387 452 1463 είδη
476 1381 632 1465 ὀρχήσεως
652 1383 791 1465 πυρρίχη,
812 1385 948 1457 σίκιννις,
969 1384 1035 1461 ἥτις
1055 1382 1141 1446 ἐστὶν
1164 1381 1305 1463 ἱερατική,
1325 1403 1362 1444 ιο

155 1484 206 1549 καὶ
219 1492 419 1568 κορδακισμδς
431 1489 557 1570 αἰσχρός
568 1511 613 1553 τις
625 1485 668 1550 (δυ
680 1487 729 1550 καὶ
739 1491 861 1566 μᾶλλον
874 1486 991 1570 κωμικῷ
1005 1486 1146 1565 ἁρμόδιος
1158 1507 1217 1549 ree.
1232 1485 1264 1548 Α
1272 1499 1299 1555 -1-

200 1590 273 1668 640.
298 1586 415 1676 εἴλυτο]
433 1588 617 1654 ἐκεκάλυπτο

200 1692 273 1774 685.
298 1688 471 1780 μετεκίαθε]
489 1693 651 1756 ἐπεδίωκεν

200 1798 275 1879 695.
299 1793 459 1884 Μεγάδην]
475 1794 542 1874 ἤτοι
558 1794 664 1876 Μέγου
679 1799 773 1860 παῖδα

203 1914 273 1979 714.
298 1896 423 1987 ἀλῆναι]
442 1903 654 1980 συστραφῆναι
1327 1920 1360 1979 15

202 2016 274 2086 723.
297 1999 518 2090 ἀπερωήσειας]
535 2002 764 2085 ὑποχωρήσειας
891 2015 962 2083 745.
987 2004 1146 2083 εἰρωνικῶς

202 2109 274 2187 766.
298 2104 511 2194 πελεμιζέμεν]
530 2111 626 2172 σείειν
640 2107 807 2189 ταράσσειν

201 2213 275 2292 767.
299 2205 454 2297 κράνειαν]
472 2210 600 2292 κρανέαν

203 2327 274 2396 775.
299 2313 505 2396 στροφάλιγγι
521 2310 635 2400 κονίης]
651 2315 687 2399 τῇ
703 2314 861 2399 συστροφῇ
877 2315 930 2391 τῆς
944 2316 1000 2396 γῆς

202 2420 275 2499 776.
298 2420 468 2497 σημείωσαι
484 2417 537 2482 τόν
553 2419 670 2500 στίχον,
687 2418 733 2480 ότι
749 2418 821 2482 όλος
840 2417 1018 2482 δακτυλικός

202 2524 275 2602 787.
301 2515 386 2607 ἔνθα]
404 2521 473 2583 τότε
605 2535 678 2605 793.
701 2514 798 2606 βάλε]
817 2519 943 2601 ἔρριψεν

201 2625 275 2707 796.
298 2619 407 2710 πάρος]
424 2628 544 2705 πρῶτον
674 2623 748 2707 803.
772 2618 970 2710 τερμιόεσσα]
986 2622 1005 2700 ῆ
1022 2622 1153 2703 ποδήρης

201 2728 274 2792 806.
296 2722 499 2813 μετάφρενον]
516 2727 552 2790 τό

202 2829 275 2911 807.
299 2829 455 2912 Δάρδανος
469 2827 560 2916 ἀνήρ]
577 2831 594 2892 ό
609 2830 669 2893 άπὸ
687 2826 844 2911 Δαρδάνου
860 2829 1063 2910 καταγόμενος

201 2933 275 2998 810.
297 2928 411 3020 βῆσεν]
428 2935 638 3013 κατεβίβασεν
769 2930 840 3017 813.
865 2927 1020 3018 δάμασσε]
1038 2934 1188 3014 ἐφόνευσε
1324 2960 1361 3018 25

202 3038 275 3102 822.
299 3036 407 3121 άχάχω
426 3036 463 3117 ήν
478 3037 517 3105 ὣς
536 3037 596 3102 άπδ
616 3041 668 3100 τοῦ
683 3035 758 3120 άχω·
784 3040 833 3099 διδ
853 3037 886 3099 δέ
906 3041 941 3098 τὸ
961 3038 1139 3118 κακόφωνον
1153 3035 1308 3119 ἐξεβλήθη

156 3142 191 3205 τά
206 3143 227 3225 χ
243 3142 292 3205 καὶ
308 3139 395 3220 ἐτέθη
411 3140 445 3203 τὸ
461 3141 477 3204 κ

714 3376 744 3434 Ρ.

201 3513 233 3571 4.
256 3490 397 3581 πόρτακι]
420 3493 528 3580 νεογνῆ
548 3496 612 3574 βοί.
642 3496 746 3574 πόρτις
764 3493 783 3572 ή
803 3494 895 3574 μικρά
912 3498 997 3575 βοῦς,
1020 3496 1101 3575 πορδ
1118 3499 1153 3557 τδ
1175 3492 1242 3573 άρτι
1265 3493 1308 3558 είς

157 3599 282 3676 πορείαν
299 3596 375 3662 ίέναι
391 3596 440 3661 καὶ
455 3595 549 3677 νομήν
1321 3637 1361 3696 30

200 3712 231 3780 5.
256 3696 373 3788 κινυρή]
391 3699 539 3780 άδυρτική,
554 3699 716 3781 θρηνητική
727 3698 794 3769 Α-Ι-
933 3694 1020 3788 πρίν]
1037 3705 1095 3780 πρδ
1110 3705 1163 3764 τοῦ

200 3824 229 3885 9.
253 3803 378 3868 Πάνθου
392 3799 472 3890 υἱός]
489 3805 506 3866 ό
522 3803 687 3885 Εὔφορβος
698 3802 766 3864 A:

200 3903 377 3993 ἐυμμελίης]
394 3906 460 3985 ήτοι
477 3908 493 3970 ά
509 3906 588 3970 καλά
609 3907 687 3987 μέλη
704 3907 785 3989 ἐχων
801 3905 849 3970 καὶ
872 3907 1031 3989 εὔμορφος,
1047 3906 1066 3986 ῆ
1083 3908 1099 3970 ό
1115 3906 1198 3992 εὕτῆ
1216 3909 1308 3993 μελίη

154 4013 320 4094 χριόμενος,
335 4010 499 4090 πολεμικάς
515 4011 648 4090 άνδρεῖος
664 4011 862 4093 ἰσχυρότατος

200 4133 295 4198 20-3.
319 4115 463 4191 ὁμοίωσις
478 4111 515 4192 ἐξ
527 4114 676 4193 ἀνομοίων
1322 4151 1360 4213 35

200 4228 252 4297 25.
274 4211 432 4303 ὑπέμεινε]
449 4218 499 4281 ἐπὶ
514 4219 608 4280 τόπου
739 4232 793 4302 35.
815 4212 946 4303 γνωτόν]
964 4217 1101 4298 άδελφόν

190 4370 230 4406 10.
248 4357 372 4407 ’άοδοδιδ
384 4354 512 4419 σατυρική
524 4357 559 4405 W
576 4363 586 4417 ΙΙ
607 4368 645 4418 14.
662 4355 717 4417 ήτοι
729 4357 776 4407 W:
793 4355 865 4417 ήτυῦ
883 4361 893 4414 ΙΙ
914 4355 952 4406 16.
969 4355 1149 4418 ὑποχωρήσεως
1159 4357 1199 4407 D:
1216 4355 1308 4420 διεχόν-

153 4440 231 4486 ρησας
249 4430 260 4484 11
280 4428 340 4473 tute
357 4423 400 4484 είμ
418 4439 469 4471 non
486 4423 582 4472 extrioo
597 4425 692 4485 ᾗκα.
702 4459 709 4472 .
719 4423 761 4479 ..ό
778 4421 920 4485 Πάτροκλος
936 4422 1000 4472 οοιςὶ.
1012 4422 1045 4470 W
1063 4427 1074 4482 ΙΙ
1093 4422 1126 4471 κά
1137 4439 1162 4472 v.
1175 4432 1222 4488 747
1233 4422 1308 4484 τήθεα

153 4486 243 4553 διφῶν]
256 4490 454 4552 superscriptum
465 4488 567 4538 videtur
577 4491 698 4550 χυβευων,
706 4494 735 4537 ιι
745 4489 848 4538 littam
859 4488 934 4537 vuldo
944 4488 1056 4538 ἱιιοοτδαο
1071 4493 1082 4548 ΙΙ
1102 4501 1140 4536 τι.
1152 4489 1256 4552 τοδήρηι
1267 4489 1307 4540 D:

154 4553 277 4616 ποδάρκης
287 4554 338 4617 lega·
357 4558 367 4612 ΙΙ
387 4553 424 4602 26.
440 4551 525 4614 άκάχω
535 4553 569 4603 ίνι
581 4555 612 4603 ὥς
1022 4598 1025 4603 .

197 4653 267 4699 VOL.
284 4654 328 4698 Vl.
699 4653 721 4697 N
739 4658 762 4698 n
