3000 5040
512 285 682 344 ικιΑΔοΣ
706 284 738 342 Γ.
761 276 826 364 (ο)
1180 278 1245 340 508

139 472 210 537 197.
233 447 469 539 πηγεσιμάλλῳ]
487 452 627 532 εὐπαγεῖς
642 450 779 532 μαλλοδς
794 450 897 533 ἐχοντι

139 572 212 636 205.
239 555 315 638 (ἤδη
342 552 438 643 γάρ>]
464 561 523 636 πρδ
548 557 607 636 γάρ
632 560 685 617 τοῦ
710 559 893 634 στρατεῦσαι
918 553 988 620 τοὺς
1012 552 1170 631 Ἕλληνας
1200 553 1245 618 είς

92 661 207 738 Τροίαν
230 658 325 737 ἦλθον
347 659 496 737 πρέσβεις
517 657 686 724 Ὀδυσσεὺς
713 659 762 721 καὶ
787 656 946 724 Μενέλαος
967 654 1167 722 ἀπαιτοῦντες
1189 655 1246 734 τὴν

93 760 233 840 Ἑλένην·
257 763 290 825 ἐν
314 759 336 845 φ
363 767 422 827 τῶν
445 763 551 827 άλλων
580 759 686 828 αὐτοὺς
714 759 781 840 μεθ’
807 762 924 842 ὕβρεως
953 759 1125 839 διωξάντων
1153 759 1245 839 μόνος

93 863 247 943 Ἀντήνωρ
263 863 371 942 ξενίζει
387 866 585 945 φιλοφρόνως
1259 873 1277 933 5

140 979 212 1045 215.
235 967 317 1048 γένει
329 963 469 1054 ὕστερος]
489 968 545 1047 τὴν
559 967 683 1046 ἡλικίαν
698 968 840 1046 νεώτερος

140 1084 212 1151 217.
235 1068 382 1157 στάσκεν]
400 1073 508 1135 ἵστατο

236 1175 309 1237 ὑπαὶ
329 1175 362 1238 δέ
378 1170 494 1262 ἴδεσκε]
511 1173 689 1255 ὑπέβλεπεν

141 1279 211 1341 218.
238 1276 430 1355 σημειωτέον,
443 1280 489 1341 ὅτι
506 1279 634 1344 ἕκαστος
648 1283 708 1343 τῶν
722 1276 878 1358 ἡγεμόνων
893 1279 1046 1359 σκῆπτρον
1062 1275 1145 1359 εῖχεν
1160 1276 1246 1351 ίδιον,

97 1378 147 1443 καὶ
161 1380 326 1461 Ἀχιλλεὺς
342 1383 375 1446 ἐν
390 1383 431 1464 τῷ
448 1387 473 1443 Α
489 1378 582 1467 (234)
598 1384 707 1461 ὄμνυσι
723 1377 787 1444 κατ’
802 1381 876 1443 αὐτό
889 1380 959 1442 A:
1264 1391 1301 1434 10

236 1480 421 1571 προπρηνές]
438 1487 481 1550 είς
496 1485 531 1548 τδ
547 1485 719 1564 ἔμπροσθεν

142 1604 215 1651 220.
240 1584 378 1675 ζάκοτον]
395 1587 473 1652 πάνυ
488 1588 613 1670 ὀργίλον

142 1707 216 1766 242.
240 1689 259 1752 ά
276 1715 327 1768 μοι
343 1689 442 1772 ἐστίν]
458 1691 478 1753 δ
493 1694 530 1753 δι’
547 1693 599 1769 ἐμὲ
614 1689 715 1755 αὐτοῖς
730 1690 816 1752 ἐστιν

144 1792 215 1870 246.
239 1789 386 1880 ἐύφρονα]
403 1793 456 1856 τδν
472 1793 672 1872 εὐφραίνοντα

144 1909 216 1975 250.
239 1891 498 1982 Λαομεδοντιάδη]
523 1894 731 1976 Λαομέδοντος
747 1900 802 1960 παῖ
817 1898 962 1976 Πρίαμος,
978 1895 1089 1977 μητρδς
1104 1897 1137 1959 δέ
1153 1893 1246 1975 Ζευξ-
1266 1905 1302 1965 15

99 2000 194 2076 ίππης
210 2019 268 2061 τεο.
284 1999 351 2068 A÷

145 2103 217 2166 262.
237 2100 282 2189 ot]
300 2103 377 2187 αὐτῷ
509 2098 709 2190 περικαλλέα]
726 2106 770 2170 είς

145 2208 218 2288 263.
241 2208 282 2268 τὸ
299 2203 344 2293 δε]
361 2207 443 2269 οὗτοι
459 2204 493 2270 δέ
623 2204 756 2293 Σκαιῶν]
776 2212 881 2272 πυλῶν

148 2307 220 2389 269.
244 2307 341 2397 οῖνον]
354 2316 411 2374 ’τὸν
428 2309 505 2393 (ἐξ)
524 2309 703 2391 ἀμφοτέρων
717 2317 777 2373 τῶν
791 2316 890 2391 μερῶν
906 2309 1125 2393 κεκερασμένον

147 2431 219 2493 272.
243 2412 433 2494 άπεκρέματο
448 2413 565 2500 ῄόρητο
582 2414 659 2497 (τὸ)
678 2423 698 2450 “
709 2412 826 2496 άωρτο”
1267 2423 1305 2462 ²0

147 2532 220 2601 273.
243 2516 354 2595 τάμνεν
376 2512 497 2604 τρίχας]
521 2523 582 2581 τῶν
605 2518 703 2598 άρνῶν
724 2516 793 2584 τοὺς
816 2518 997 2599 κορυφαίους
1016 2516 1153 2598 μαλλοδς
1175 2515 1252 2583 άπέ-

101 2645 209 2699 τεμνεν

149 2723 221 2804 278.
244 2718 407 2810 καμόντας]
424 2721 493 2791 τοὺς
507 2722 746 2803 τελευτήσαντας

149 2845 221 2911 292.
246 2822 434 2914 στομάχους]
455 2826 612 2910 φάρυγγας
627 2828 762 2908 λαιμοός,
778 2829 845 2893 ἐπεὶ
862 2826 1052 2907 συνέζευκται
1067 2831 1084 2893 ὀ
1099 2830 1255 2913 στόμαχος

103 2933 144 3016 τφ
156 2931 254 3014 λαιμῷ
1270 2939 1307 2999 25

203 3114 210 3121 ι
244 3030 343 3120 νηλέι]
359 3031 471 3113 α’νηλεῖ
643 3052 718 3117 300.
742 3031 814 3122 σφ’]
832 3035 929 3101 αι’ντῶν
944 3035 1008 3104 B÷

150 3157 223 3221 301.
246 3133 371 3226 άλοχοι]
389 3136 486 3202 αὐτῶν
501 3139 797 3220 αῖχμσλωτισθεῖσαι
929 3135 1069 3228 δαμεῖεν]
1085 3137 1254 3221 ιιμιγεῖεν”

149 3257 223 3326 325.
247 3236 378 3329 Πάριος]
396 3237 544 3307 Ἰωνικῶς·
567 3240 654 3320 ἡμεῖς
669 3242 701 3304 δέ
718 3239 851 3323 Πάριδος

149 3364 223 3430 331.
247 3339 455 3430 ἐπισφυρίοις]
472 3348 535 3408 τοῖς
550 3349 610 3408 τῶν
626 3349 752 3427 σφυρῶν
767 3345 959 3424 καλύμμασιν

149 3466 223 3533 333.
246 3443 308 3534 οίο]
326 3449 416 3510 αὑτοῦ
1271 3468 1310 3526 30

150 3564 222 3636 335.
247 3547 355 3638 σάκος]
373 3553 421 3615 ὅτι
442 3553 522 3633 παρδ
542 3551 671 3633 πράτοις
688 3550 800 3618 Σάκαις
818 3552 948 3631 εὕρηται·
972 3551 1068 3617 Σάκαι
1084 3554 1150 3617 ἐστὶ
1163 3551 1256 3635 μέρος

106 3655 230 3740 Θράκης

150 3776 226 3844 337.
250 3754 406 3846 ἵππουριν]
427 3757 463 3838 ἐξ
481 3758 610 3824 ἱππείων
627 3763 739 3842 τριχῶν
760 3764 814 3825 τδν
828 3760 930 3840 λόφον
944 3760 1079 3842 ἔχουσιν.
1108 3760 1208 3842 λόφος
1223 3757 1257 3824 δέ

106 3865 174 3928 ἐστι
189 3868 223 3926 τδ
238 3866 291 3942 τῆς
308 3862 546 3943 περικεφαλαίας
560 3861 721 3942 άνάστημα

150 3984 225 4050 347.
249 3961 377 4029 παντόσ’
394 3960 497 4052 ἐίσην]
514 3967 676 4047 κυκλοτερῆ
807 3978 880 4051 351.
904 3962 988 4053 δμε]
1005 3968 1040 4033 ὅς
1053 3993 1091 4049 με
1272 3985 1311 4050 35

151 4083 224 4155 354
249 4071 266 4132 ό
282 4065 348 4156 κεν]
361 4070 395 4135 ὅς
411 4095 462 4134 κεν
592 4081 665 4153 359.
688 4065 842 4156 λαπάρην]
859 4071 977 4152 λαγόνα

152 4175 225 4257 360.
250 4169 388 4259 ἐκλίνθη]
406 4171 541 4237 ἐνέκλινε
559 4172 593 4236 τδ
608 4173 739 4254 πλευρόν
1012 4154 1018 4173 ⁸

152 4281 225 4361 362.
249 4271 473 4362 άνασχόμενος]
487 4275 647 4342 ἀνατείνας

250 4379 378 4462 *φάλον
390 4379 426 4444 τδ
438 4380 679 4459 προμετωπίδιον
688 4377 848 4460 ἀνάστημα
859 4383 913 4460 της
924 4382 1174 4462 περικεφαλαίας·
1190 4381 1259 4448 ἐστι

141 4530 545 4599 μῖνδτοτίμτί,οδς1)ιένοές
574 4537 584 4592 ΙΙ
615 4530 1186 4645 12.ιάα38τῶμοι]νέαττινάιιατὶρῖααι1
1220 4550 1259 4605 24.

109 4599 263 4662 λαιμαδςῦι
281 4598 307 4647 -ά
319 4605 330 4660 ΙΙ
344 4597 496 4660 σννάζιυκται
509 4600 551 4650 D:
570 4616 594 4647 -o
607 4603 617 4658 ΙΙ
631 4613 669 4661 31.
681 4597 777 4661 εὕρηται
790 4599 855 4650 Du
866 4615 936 4661 ρηται
