3000 5040
251 233 316 294 τοι
661 232 832 291 ιιιιοοο
857 230 893 291 x.
917 225 1004 314 (νυ)

310 448 380 510 144.
410 413 595 515 *λαιψηραΊ
613 414 679 488 άντῦ
697 424 749 489 τοῦ
767 415 835 488 λίαν
852 416 982 511 ταχέως.

309 559 380 628 145.
407 537 488 634 παρῶ
507 532 645 632 σκοπιήν]
663 543 682 574 “
695 533 819 621 σκοπιήν
829 532 848 557 ”
868 529 902 602 τδ
919 531 1074 620 Αἶσνῆτου
1090 542 1207 628 μνῆμα·
1236 529 1322 626 ψησῦ
1338 541 1414 630 γοῦν

254 663 273 692 “
285 658 396 751 τύμβῳ
414 654 459 726 ἔπ’
479 654 634 750 άκροτάτρ
651 651 810 738 Αἰσυήταο
820 648 839 678 ”
857 647 910 748 (Il.
933 678 962 723 υ.
982 649 1071 747 793).

182 798 235 844 1³-
304 768 422 868 ε’ρινεθν]
441 770 489 841 τῶν
506 770 587 865 παρὰ
604 765 741 865 τρῦἼλον
757 768 893 862 μνήματι
914 766 1025 865 έριυεάν.

183 890 237 934 13-
307 897 378 976 146.
406 876 650 981 τεέχεος-ῦτέκ
676 883 743 954 κατ’
761 881 921 984 άμαξιτάν]
946 884 1205 978 έμφαυτικῶτατα
1230 894 1346 958 κεῖνται
1375 886 1443 975 αἱ5

252 1007 415 1098 προθέσεις,
428 1013 482 1076 τοῦ
494 1005 549 1094 μέν
564 1002 697 1074 ὑποδῦναι
711 1000 746 1075 τῦ
760 1011 862 1098 τεῖχος
877 1003 1103 1090 σπουδάζοντος,
1115 1011 1167 1075 τοῦ
1185 1003 1216 1076 δέ
1233 1003 1409 1087 ε’ξωθοῦντος

254 1120 351 1194 αὐτοῦ·
379 1125 393 1193 θ
411 1122 442 1194 δέ
460 1120 551 1216 λάγος
568 1119 671 1191 (κατά
688 1120 741 1208 την
759 1118 813 1191 ῦπῦ
831 1117 864 1191 τθ
882 1128 985 1215 τεῦχος
1002 1116 1149 1216 άμαξιτῦν
1166 1119 1307 1216 έτρεχον.’

133 1318 136 1323 Q
183 1257 236 1303 Β·
303 1239 423 1334 τείχεος
435 1236 512 1336 αι’έν]
523 1237 554 1309 τῦ
573 1240 651 1327 έξῆς,
671 1235 738 1307 κατ’
755 1235 902 1330 άμαξιτδν
919 1237 983 1309 αι’ἔν
1000 1236 1157 1309 ε’σσεῦοντο
1179 1236 1255 1309 {azae
1271 1236 1404 1332 τείχεος.

254 1355 377 1444 δηλοῦσι
399 1356 431 1427 δὲ
452 1354 487 1426 αι’
507 1355 659 1446 προθέσεις
686 1351 734 1426 τῦν
760 1350 815 1446 μέν
839 1352 974 1425 ῦποδῦναι
1001 1352 1033 1426 τῦ
1061 1362 1162 1450 τεῖχος
1186 1355 1405 1444 σπουδάζοντα,

253 1471 303 1544 τῦν
320 1473 351 1545 δὲ
371 1473 527 1557 ε’ξωθοῦντα
543 1470 641 1546 αῦτθν.
1423 1507 1463 1547 ιο

183 1610 235 1656 132
306 1589 380 1661 ῦπέκ
394 1588 462 1660 κατ’
480 1587 641 1686 άμαξιτθν]
657 1588 806 1668 Ἀττικῶς
823 1587 1004 1660 πεπλεθνακε
1022 1597 1092 1669 ταῖς
1110 1589 1268 1685 προθέσεσι
1283 1587 1318 1660 τδ
1331 1588 1407 1660 δυσ·

254 1707 371 1778 έλικτον
388 1714 439 1778 τοῦ
457 1704 564 1800 δοθμου
581 1708 744 1803 παριστάς.

183 1845 234 1893 Βν
306 1822 408 1895 *κατ’
439 1821 599 1922 άμαξιτθν]
630 1824 682 1911 την
711 1820 867 1918 λεωφθρον·
912 1818 964 1922 “ᾗ
989 1855 1043 1919 περ
1069 1819 1186 1917 άμαξαι
1213 1819 1320 1895 ἄστυδ’
1347 1820 1406 1912 ἀφ’

122 1959 236 2009 ΔνΒ-
255 1939 374 2028 ῦψηλῶν
397 1940 507 2038 θρέων”
526 1939 607 2039 (Οά.
629 1968 677 2015 10.
701 1939 785 2038 103).
821 1940 847 2039 ψ.
867 1941 973 2038 βραχῦ
991 1941 1021 2012 δὲ
1040 1941 1239 2012 διασταλτέον
1263 1940 1347 2033 μετά
1371 1938 1405 2010 τῦ

254 2057 393 2130 “ῦπέκ·”
426 2060 460 2130 τῦ
478 2060 537 2155 γάρ
555 2061 623 2146 ε’ξῆς
641 2072 649 2100 ‘
664 2057 739 2130 ῦπέκ
755 2057 874 2153 τείχεος
891 2057 958 2129 κατ’
975 2056 1143 2146 ἁμαξιτοῦ]
1423 2092 1462 2150 ¹5

182 2190 234 2234 13-
306 2203 378 2268 147.
406 2181 510 2272 κρουνῶ
528 2176 552 2246 δ’
566 2170 677 2275 ἵκανον]
690 2173 843 2270 δαιμονίως
856 2174 905 2247 τῶν
918 2183 973 2264 τῆς
991 2173 1112 2258 διῶξεως
1129 2172 1227 2270 καιρῦν
1244 2174 1296 2246 οῦκ
1312 2170 1405 2271 άργδυ

253 2295 425 2381 κατέλιπεν,
454 2290 524 2362 ἀλλ’
556 2291 653 2388 ῶσπερ
684 2294 842 2387 διατριβὴν
868 2289 1055 2390 ποριζθμενος
1083 2301 1122 2390 τῇ
1148 2292 1222 2391 ἀκοῇ
1247 2291 1317 2372 τοῦς
1347 2292 1404 2384 μέν

252 2410 369 2505 τρέχειν
386 2409 491 2503 φησίν,
510 2409 599 2488 αῶτδς
617 2411 648 2482 δὲ
665 2419 851 2506 ψυχαγωγεῖ
863 2407 912 2481 τῶν
930 2410 1085 2505 άκροατῆν.

181 2543 232 2588 1³-
301 2525 409 2624 κρουνοὶ
432 2525 484 2598 καὶ
506 2527 533 2599 οἱ
554 2524 612 2598 άτδ
638 2535 693 2598 τῶν
716 2527 798 2623 θρέων
820 2526 902 2621 μέτα
922 2524 1023 2618 ψάφου
1039 2524 1090 2597 καὶ
1117 2526 1262 2624 κροθσεως
1284 2527 1402 2607 νάοντες

253 2647 469 2741 (χειμάρροι>·
501 2650 519 2681 “
531 2652 649 2741 κρουνῶν
667 2644 700 2717 ε’κ
716 2647 859 2739 μεγάλων
869 2642 887 2668 ”
908 2642 1013 2740 (114
1032 2640 1122 2740 454)·
1150 2643 1184 2714 αἱ
1208 2644 1240 2715 δὲ
1263 2641 1401 2732 ἀληθιναὶ
1419 2689 1461 2730 20

249 2758 346 2856 πηγαὶ
375 2761 570 2860 Σκαμάνδρου
596 2763 676 2834 κατδι
700 2760 850 2842 άνατολδις
870 2769 927 2850 τῆς
948 2756 1031 2849 Ἴδης
1056 2759 1111 2854 πρδ
1137 2757 1166 2831 τ’
1192 2759 1319 2831 σταδίων
1344 2770 1401 2850 τῆς

247 2874 339 2950 Ἰλίου
358 2878 443 2949 ει’σι’ν·
472 2877 544 2960 ἴσως
561 2876 593 2952 δέ
611 2875 741 2973 ῦπθγεως
757 2878 826 2977 ῥέων
843 2878 875 2962 ἕξ
894 2873 978 2963 Ἴδης
994 2873 1049 2950 ῶδε
1066 2881 1183 2974 θρᾶται.

208 3048 232 3058 -
300 2995 419 3076 άλλως;
435 2995 485 3067 καὶ
496 3005 557 3075 πῶς
570 2995 598 3067 έν
608 3003 647 3096 τῇ
658 3003 694 3067 Μ
707 2994 782 3094 (19)
796 2993 855 3067 άπδ
874 3003 928 3083 τῆς
938 2991 1023 3082 Ἴδης
1033 2991 1128 3086 φησὶν
1145 2994 1227 3091 έχειν
1239 2991 1328 3066 αῦτδν
1341 2995 1399 3076 τῶς

247 3113 371 3207 πηγάς;
396 3113 497 3209 ῥητέον
514 3108 570 3198 οῦν,
588 3111 632 3185 θτι
651 3121 696 3184 νῦν
713 3126 792 3206 φησι
811 3113 868 3193 τῶς
885 3112 989 3207 τηγῶς
1009 3111 1124 3190 ταῦτας
1141 3109 1322 3198 οἷναβλῦζειν
1338 3110 1398 3182 άπῦ

246 3238 299 3303 τοῦ
310 3230 515 3325 Σκαμάνδρου,
527 3225 574 3301 ἵνα
584 3227 674 3332 λεέπη
685 3233 704 3319 ἡ
714 3229 784 3316 άπθ,
796 3227 871 3302 *άπδ
882 3229 1102 3326 Σκαμάνδρου·’
1121 3223 1147 3300 οῦ
1160 3228 1192 3300 δὲ
1205 3226 1398 3326 τοπικῶτερου
1415 3275 1456 3332 ²5

249 3348 433 3442 ἱστοροῦντες
447 3343 494 3419 δῦο
508 3347 642 3431 λιβάδας
656 3342 729 3420 εἶναι
743 3347 849 3443 ἑτέρας
866 3356 922 3419 τῶν
935 3344 993 3416 άπῦ
1013 3355 1068 3435 της
1078 3340 1161 3433 Ἴδης
1179 3354 1288 3440 πηγῶν,
1301 3341 1340 3426 ῶς
1354 3346 1398 3426 εἷς

247 3463 297 3535 τῦν
315 3465 507 3564 Σκάμανδρον
521 3465 702 3560 ε’μβάλλειν·
726 3464 843 3560 μεταξῦ
861 3466 892 3538 δὲ
910 3465 1004 3537 αῦτῶν
1021 3461 1071 3535 καῦ
1089 3471 1141 3536 τοῦ
1159 3466 1280 3559 τείχους
1295 3463 1395 3561 τρέχει

248 3586 263 3655 o‘
283 3582 403 3680 Ἕκτωρ
423 3581 504 3671 ἴσως,
519 3580 784 3679 άναστηριζθμενος
802 3581 861 3654 άπῦ
879 3591 930 3655 τοῦ
949 3585 1070 3678 τείχους
1089 3580 1142 3653 ῦτῦ
1161 3583 1344 3677 Ἀχιλλέως.

206 3740 230 3752 -
301 3727 371 3790 149.
392 3697 604 3800 ῦδατι-ῥέει]
619 3698 746 3800 ἢρέΐται
766 3697 892 3790 ῦδατι,ἢ
911 3697 982 3795 ῦδωρ
999 3703 1071 3797 ῥέει·
1089 3697 1296 3795 προσληπτέον
1313 3699 1343 3772 δὲ
1361 3698 1396 3771 τῦ

249 3828 394 3913 ’χειμῶνι
402 3816 417 3891 .’
455 3816 537 3910 φασὶ
555 3819 587 3891 δὲ
604 3817 655 3890 κοιῦ
672 3818 729 3898 τῶς
747 3816 852 3916 ε’νἼδῃ
869 3817 972 3912 πηγάς
989 3824 1075 3889 τοῦτο
1093 3818 1236 3912 πάσχειν.
1411 3859 1453 3916 30

303 3961 372 4026 151.
401 3934 498 4007 εἰκυῖα
514 3932 654 4035 χαλάζῃ]
671 3931 737 4007 άντῦ
755 3943 807 4008 τοῦ
824 3931 936 4015 εθκθτος
954 3932 972 4023 θη
991 3932 1078 4015 εἶκθς.

208 4095 229 4115 ·
301 4079 370 4144 152.
398 4050 511 4148 ἣχιθνι
530 4051 649 4155 ψυχρῇ]
665 4052 838 4150 ψυχροτέρα
853 4054 913 4150 γάρ
938 4054 1080 4148 χαλάζης
1105 4048 1194 4146 χιάν·
1221 4047 1271 4123 καὶ
1298 4051 1395 4150 θέρους

296 4299 340 4355 13.
362 4285 462 4354 τῇπερ
485 4290 495 4344 ΙΙ
524 4295 568 4354 15.
588 4286 654 4357 post
675 4282 738 4338 υτέκ
758 4280 841 4359 prius
862 4281 947 4341 omisi
967 4281 1019 4338 κατ’
1035 4282 1156 4352 ἀμαξιτὸν
1172 4285 1206 4339 ut
1225 4279 1288 4338 AB
1311 4294 1321 4347 n
1350 4284 1395 4341 16.

247 4368 360 4438 κρουνῶν
382 4374 392 4427 ΙΙ
421 4381 466 4437 ¹9·
488 4360 593 4421 lemma
613 4369 724 4437 κρουνῶν
744 4366 771 4420 ἐκ
794 4366 914 4439 μεγάλων
934 4361 1018 4421 omisi
1038 4369 1073 4421 ut
1093 4362 1126 4433 B,
1149 4362 1182 4420 cf.
1206 4362 1226 4421 l.
1248 4381 1285 4421 το
1309 4375 1320 4429 n
1347 4382 1394 4421 20.

247 4442 380 4520 supplevi
401 4463 438 4501 ex
463 4443 488 4501 B
512 4456 521 4510 ΙΙ
548 4464 594 4503 21.
614 4448 767 4519 τριακοσίων
786 4445 882 4517 Eunt.
904 4442 933 4521 γ’
953 4444 979 4502 Β
1001 4456 1012 4512 ΙΙ
1039 4464 1085 4520 ²3·
1110 4443 1196 4503 schol.
1218 4464 1286 4503 cum
1310 4444 1329 4503 l.
1356 4461 1393 4519 25

247 4525 434 4585 coniunctum
449 4534 480 4586 et
494 4530 561 4583 ἀλλὰ
575 4526 736 4605 scriptum:
759 4548 831 4587 corr.
846 4526 992 4589 Schrader
1015 4538 1025 4593 ΙΙ
1051 4546 1097 4603 31·
1119 4529 1215 4585 εἰκότος
1229 4524 1289 4586 W:
1312 4551 1359 4585 -ωτ
