3000 5040
234 287 290 353 xri
685 286 951 354 PRAEFATIO.

232 459 320 545 ἄλλη
338 458 410 535 W:
438 459 549 532 ἄλλων
572 458 578 560 )
598 458 648 535 ib.
675 469 750 536 600
777 460 876 560 (414,
898 460 935 561 7)
962 460 1169 561 Πατρόκλου
1193 460 1285 540 coni.
1312 459 1387 539 W:

233 577 414 676 Ἀχιλλέως
436 575 442 678 Ι
464 577 511 652 ib.
537 584 611 671 629
640 576 739 676 (416,
772 577 830 678 15)
855 576 970 651 κυάνου
994 577 1155 678 corrigas
1182 605 1250 679 pro
1275 587 1390 654 κυανοῦ

235 693 239 789 )
260 694 307 769 lb.
328 697 398 787 692
421 695 519 795 (421,
539 695 600 795 26)
619 698 857 796 πρεσβύτατος
873 694 944 774 W:
961 697 1051 781 -n'rror
1070 694 1078 796 Ι
1100 695 1149 771 ib.
1171 722 1216 790 29
1236 698 1389 799 Γερῆνοις

232 812 284 886 W
301 822 346 887 ut
363 813 422 888 A:
449 812 639 914 Γερηνίοις)
661 814 708 889 ib·
736 818 810 907 814
838 813 936 913 (429,
958 811 1018 912 24)
1046 812 1127 889 dele
1146 815 1211 906 (li)
1237 812 1243 915 Ι
1265 813 1314 893 lb.
1339 839 1385 909 32

231 929 326 1005 adde
350 956 435 1005 cum
462 929 515 1004 W
543 931 729 1029 (Ἀχιλλεῖ
757 930 801 1009 ΙΙ.
836 938 891 1009 16.
923 937 967 1026 3)
993 931 998 1032 )
1021 931 1072 1007 ib.
1092 936 1167 1026 830
1192 931 1293 1030 (430,
1325 934 1388 1030 18)

231 1046 344 1120 πάσσε
360 1047 500 1148 corrige
518 1047 558 1122 in
574 1046 748 1124 lemmate
765 1075 832 1149 pro
848 1046 980 1123 πάσσεν
1014 1049 1029 1147 Ι)
1068 1056 1122 1126 16.
1146 1075 1217 1145 233
1239 1047 1325 1149 (vol.
1344 1049 1387 1124 II

231 1193 265 1267 p.
292 1174 371 1262 176,
390 1166 427 1266 8)
447 1166 605 1240 Δωδώνου
620 1167 842 1242 servandum
861 1176 926 1257 est,
944 1167 989 1243 cf.
1009 1166 1133 1242 Herm.
1151 1167 1223 1244 vol.
1246 1167 1386 1243 XXIII

231 1312 265 1384 p.
286 1292 357 1381 615
398 1283 412 1381 Ι)
453 1308 511 1378 24.
529 1292 600 1360 602
623 1283 674 1385 (p.
693 1290 778 1383 478,
807 1284 893 1384 5-9)
920 1310 1016 1385 quae
1042 1284 1146 1360 uncis
1172 1283 1318 1369 inclusi,
1341 1312 1386 1360 ea

230 1402 364 1477 Monro
391 1400 557 1478 adhibita
586 1401 749 1477 tinctura
775 1401 938 1478 chemioa
962 1428 1002 1477 se
1031 1399 1164 1502 legisse
1191 1409 1382 1491 testatum

230 1519 329 1595 idem
361 1519 384 1597 l
419 1527 441 1594 6
479 1519 661 1619 Πανδαρὲῳ
691 1528 731 1596 et
756 1518 781 1599 l.
810 1526 831 1597 8
859 1529 946 1596 ante
979 1522 1062 1595 ὄντα
1092 1519 1186 1623 legit
1216 1521 1251 1596 δὲ
1282 1546 1382 1597 nuno

232 1635 500 1713 oblitteratum.

215 1794 219 1803 ·
284 1780 316 1853 5.
335 1754 550 1832 scholiisT1
570 1753 722 1830 alterius
739 1781 870 1832 manus
888 1754 990 1857 (seo.)
1007 1781 1100 1832 saeo.
1119 1752 1219 1831 XIII
1229 1753 1386 1832 ‚addila-

230 1883 357 1949 menta
397 1872 483 1948 inde
517 1899 540 1949 a
575 1901 610 1974 p.
645 1879 721 1967 486
755 1872 944 1964 subiunxi,
981 1873 1117 1974 quibus
1155 1872 1386 1973 (reo)entiora

230 2000 416 2092 quatenus
433 2015 508 2066 non
525 1989 745 2068 viderentur
764 1991 909 2066 futtilia
933 1990 1129 2069 immiscui.
1182 1989 1234 2067 Et
1259 1991 1386 2066 brevia

229 2109 378 2210 quidem
396 2107 536 2183 scholia
553 2117 593 2184 et
609 2107 751 2209 glossae
776 2136 890 2211 supra
915 2117 1075 2199 textum,
1092 2106 1192 2183 undo
1209 2107 1386 2184 lemmata

230 2237 275 2302 ut
292 2227 332 2301 in
349 2226 429 2327 pn*
442 2224 568 2325 petivi,
583 2225 850 2327 propemodum
863 2226 988 2301 omnia
1004 2224 1195 2326 leguntur,
1208 2226 1386 2327 ampliora

230 2346 270 2419 in
303 2342 491 2444 margine:
526 2370 621 2444 quae
655 2344 859 2420 disoernere
894 2344 995 2419 inter
1028 2369 1068 2419 se
1110 2342 1229 2444 signis
1264 2344 1305 2418 in
1338 2343 1384 2419 Τι

230 2461 407 2538 adhibitis
419 2459 530 2536 nolui.
586 2461 909 2563 Intermarginalia
932 2460 1078 2563 signavi
1096 2459 1155 2533 **.
1207 2461 1282 2537 Ubi
1297 2460 1386 2536 lem·

229 2589 330 2655 mata
346 2579 610 2680 marginalibus
627 2578 776 2655 scholiis
793 2606 863 2680 ego
880 2577 1044 2681 praefixi,
1063 2576 1242 2654 cancellos
1263 2587 1283 2672 <
1363 2586 1381 2670 >

228 2697 450 2774 circumdedi
468 2707 514 2772 ut
530 2696 637 2776 soleo.
690 2697 999 2774 Interlinearibus
1022 2696 1147 2786 tacite,
1165 2702 1209 2771 ut
1226 2694 1317 2788 dixi,
1338 2723 1385 2772 ex

229 2823 339 2893 textu
360 2814 537 2890 lemmata
562 2841 631 2915 ego
657 2813 945 2914 adscripsi—T2
965 2840 1050 2889 oum
1073 2813 1141 2888 AB
1166 2839 1385 2914 componere

229 2933 533 3034 operaepretium
545 2933 638 3010 fuit:
657 2932 756 3007 unde
768 2933 813 3008 T²
826 2958 935 3007 usum
949 2957 1027 3008 esse
1038 2931 1160 3008 codice
1174 2933 1384 3031 exegetioae

230 3051 365 3129 Veneti
389 3051 423 3124 A
447 3051 548 3152 parti
571 3051 648 3125 fers
676 3049 833 3151 gemello
858 3048 1086 3151 patefactum
1112 3058 1181 3125 est.
1232 3047 1385 3126 Glossae

230 3179 270 3246 et
302 3168 489 3244 interdum
517 3168 683 3268 longiora
707 3194 858 3269 quoque
884 3166 1020 3243 scholia
1053 3192 1229 3268 persaepe
1255 3166 1385 3243 eadem

230 3287 374 3370 suntin
393 3286 442 3373 D,
459 3295 504 3362 ut
520 3285 685 3362 dubitari
700 3313 775 3361 non
792 3286 909 3387 possit
926 3286 1150 3387 quinetiam
1169 3284 1238 3363 hoo
1255 3284 1386 3362 scholi·

230 3431 335 3483 orum
353 3430 486 3504 eorpus
504 3402 545 3478 in
563 3404 609 3478 T²
626 3414 842 3505 excerptum
859 3403 921 3482 sit.

280 3720 391 3796 Viros
416 3719 653 3810 Oxonienses‚
670 3719 748 3822 qui,
774 3727 820 3795 ut
837 3718 926 3795 haec
951 3716 1066 3794 editio
1089 3714 1230 3792 absolvi
1249 3724 1385 3818 posset,

229 3836 387 3916 officiosa
402 3837 598 3915 voluntate
615 3849 654 3914 et
670 3836 854 3939 patientia
871 3835 1081 3925 effecerunt,
1094 3834 1185 3910 dnm
1201 3832 1384 3910 calamum

229 3956 393 4033 defessus
409 3982 558 4057 sepono,
575 3957 697 4033 animo
713 3954 825 4031 laudo
842 3963 1017 4056 pergrato
1033 3961 1073 4030 et
1090 3952 1223 4053 opinor
1239 3949 1384 4028 oonlau·

229 4073 373 4150 dabunt
390 4100 540 4177 operam
558 4072 618 4151 his
635 4072 884 4150 voluminibus
901 4071 1085 4150 navaturi.

281 4312 470 4392 Debemus
487 4315 528 4392 in
546 4315 784 4393 universitate
804 4312 1030 4417 Oryplieoai
1046 4340 1092 4390 m.
1112 4312 1206 4413 Aug.
1227 4315 1333 4389 1888.

906 4497 1108 4573 Eannsros
1134 4495 1280 4570 Mansa.
