3000 5040
257 221 324 295 488
675 231 848 293 1111101
872 232 907 295 κ.
930 225 996 314 (1)

305 400 357 466 88.
380 398 586 489 δερκομένοιο]
602 398 797 482 βλεπομένου
858 419 912 484 90.
931 392 1144 485 Ἀγαμέμνων]
1161 396 1301 480 δτρίτος
1312 392 1418 478 ἔξοχοι

306 504 358 591 98.
381 512 398 541 “
409 506 459 570 έλι
470 502 486 530 ”
503 507 578 569 κατά
595 506 756 571 διάλεκτον
771 508 860 568 καλεῖ
875 503 911 567 τὸ
924 501 1024 583 μέλαν

309 629 380 673 100.
401 611 454 690 μὶν
469 604 665 695 πεπίθοιμεν]
685 608 738 672 τδν
751 607 938 672 Ἀπόλλωνα
952 607 1117 686 τείσαιμεν

310 732 380 799 103.
404 716 437 777 ἐκ
458 711 606 805 τοὺ.ἀχος
628 712 694 794 ἀχω
715 711 808 794 ἀχὺω,
824 708 873 775 καὶ
894 712 969 774 κατά
986 706 1184 791 πλεονασμῶν
1199 711 1255 772 τοὺ
1273 709 1294 772 ῐι
1311 703 1421 787 ἀχὺνω.

233 836 250 897 5
266 818 315 882 καὶ
336 819 369 881 έν
390 815 553 899 ὑπερθέσει
572 816 684 899 ἀχνὺω,
700 817 749 880 καὶ
771 816 787 879 ἀ
804 816 839 896 ρῖι
854 814 984 881 ένεστῶς
1002 813 1114 897 ἀχννμι
1135 813 1185 878 καὶ
1200 811 1238 875 τά
1254 808 1423 888 παθητικῶν

265 921 396 1005 ἄχνυμαι

395 1023 487 1104 μένος
502 1025 643 1102 σημαίνει
658 1024 733 1105 τρία,
749 1023 802 1087 τὸν
817 1024 920 1104 θυμόν,
936 1021 976 1088 ῶς
991 1021 1042 1085 έπὶ
1062 1019 1176 1100 τοὺτου,
1190 1018 1250 1099 τὴν
1268 1014 1372 1099 ἴσχιῖν,
1387 1014 1425 1081 ὑς

267 1127 300 1193 τὸ
317 1132 334 1160 “
343 1133 420 1192 δῶκε
434 1126 524 1208 μένος
541 1128 590 1192 καί
606 1125 743 1208 θάρσος”
759 1124 833 1212 (Od.
849 1145 876 1190 1.
893 1122 979 1212 321),
994 1125 1050 1206 τὴν
1063 1122 1178 1209 ψυχήν,
1194 1123 1237 1189 ῶς
1251 1128 1288 1185 τδ
1305 1125 1323 1153 “
1334 1118 1425 1200 μένος

264 1227 405 1314 ''Amos'’
421 1229 476 1317 (Il.
495 1230 544 1295 18.
561 1227 639 1316 264)

218 1353 255 1395 10
315 1355 386 1415 104.
410 1335 471 1399 ἀπὸ
491 1339 543 1399 τοὺ
564 1333 675 1415 λθμπω
697 1329 851 1422 [ἔγέ]νετο
876 1338 1030 1415 λαμπετῶ,
1053 1332 1088 1396 τὸ
1108 1328 1266 1412 οὐδέτερον
1289 1333 1326 1391 τὸ
1349 1333 1425 1406 λαμ-

268 1445 376 1515 πετῶν,
392 1438 411 1517 ἡ
427 1438 531 1521 γενικὴ
547 1443 599 1502 τοῦ
614 1444 836 1517 λαμπετῶντος,
852 1436 870 1516 ἡ
887 1438 989 1517 δοτικὴ
1003 1441 1206 1518 λαμπετῶντι,
1224 1430 1274 1498 καὶ
1293 1439 1427 1497 πλεονα·

270 1544 337 1628 σμῷ
354 1547 405 1605 τοὺ
420 1553 436 1606 ὀ
449 1546 466 1575 “
478 1536 690 1619 λαμπετόωντι
699 1539 719 1567 ”

316 1663 387 1710 112.
411 1641 531 1731 έτειδή]
548 1645 617 1709 έπεί
760 1664 830 1724 114.
852 1644 887 1708 οὑ
902 1641 985 1732 έθεν]
1007 1645 1142 1722 οὑδαμῶς
1158 1640 1250 1721 σῆς

318 1747 389 1812 118.
413 1745 508 1837 ὄφρα]
526 1743 591 1814 τάξ
611 1747 703 1832 (καὶ)
722 1752 812 1830 ιἰπρδ
828 1746 937 1814 δασέος
952 1752 1100 1828 ψιλοὺται

222 1870 259 1934 15
320 1872 390 1919 120.
414 1847 511 1941 ἀλλῃ]
527 1851 669 1937 ἀλλαχοῦ
685 1851 753 1914 A:

318 1976 390 2023 121.
413 1952 579 2045 ποδάρκης]
595 1958 612 2019 ὑ
628 1958 770 2038 ἐπαρκεῖν
790 1956 882 2039 έαυτηῖ
898 1951 1061 2033 δυνάμενος
1076 1955 1126 2018 διά
1140 1956 1194 2032 τῆς
1208 1950 1356 2031 ἀξὺτητος
1371 1954 1433 2014 τῶν

273 2066 376 2127 ποδῶν
391 2060 439 2124 καὶ
454 2060 643 2141 ἀποφεύγειν
658 2058 727 2125 τοὺς
742 2058 907 2137 πολεμίους
923 2062 983 2127 B÷

320 2182 391 2248 123.
414 2158 597 2251 μεγάθυμοι]
613 2164 731 2244 έπαίρει
746 2160 815 2229 τοὺς
825 2160 985 2240 Ἕλληνας
1000 2163 1045 2227 εἴς
1060 2162 1167 2226 έαυτόν

322 2285 392 2343 124.
418 2265 562 2349 <ἴδμεν>]
591 2268 714 2344 οἴδαμεν
737 2264 774 2344 ἦν
796 2264 958 2347 ἀφαιρέσει
980 2269 1034 2328 τοῦ
1053 2263 1070 2327 ο
1097 2262 1146 2328 καί
1172 2265 1312 2349 συγκοπῇ
1334 2265 1389 2324 τοὺ
1411 2271 1430 2323 ἀ

225 2397 263 2437 20
275 2374 371 2450 ἴδμεν·
403 2369 578 2450 ὑδεὺτερος
600 2369 744 2449 ἀόριστος
769 2368 890 2451 (ἴδον),
913 2367 949 2431 τὸ
977 2373 1097 2449 πρῶτον
1126 2372 1187 2431 τῶν
1215 2368 1431 2446 πληθυντικῶν

275 2475 387 2554 ἴδομεν,
404 2473 453 2536 καὶ
470 2472 544 2537 κατά
561 2472 718 2555 συγκοπῆν
735 2476 818 2536 τοῦδ
835 2476 851 2505 “
864 2473 948 2553 ἴδμεν
962 2468 978 2496 ”

323 2590 394 2658 125.
420 2572 622 2663 (δέδασται>]
643 2576 718 2640 δαίω
734 2575 769 2640 τὸ
790 2575 890 2640 κόπτω
911 2573 960 2640 καὶ
975 2579 1010 2638 τδ
1023 2574 1143 2656 μερίζω,
1158 2575 1175 2636 ὑ
1189 2570 1318 2651 μέλλων
1332 2569 1430 2635 δαῖσω

278 2682 328 2745 καὶ
346 2679 382 2762 ἐξ
401 2680 491 2745 αὑτοῦ
512 2681 635 2745 δέδοικα
655 2681 704 2745 καὶ
724 2680 867 2766 ἀποβολῇ
888 2683 940 2743 τοὺ
955 2689 968 2741 ῖ
981 2677 1131 2754 δέδακωὺ
1153 2675 1321 2757 παθητικῶς
1336 2698 1432 2755 παρα-

279 2786 415 2864 κείμενος
429 2783 577 2864 δέδασμαι
593 2792 610 2820 “
623 2783 767 2848 δέδασται
775 2782 795 2808 ”

228 2909 265 2964 ²5
325 2907 397 2973 129.
421 2888 559 2955 λάπαθος
580 2887 698 2969 βοτάνη
727 2884 902 2968 καθαρτική·
925 2886 1113 2969 καὶγίνεται
1135 2882 1172 2964 ἐξ
1192 2883 1283 2948 αὑτοῦ
1304 2880 1433 2961 λοπάζω

280 2993 330 3056 καὶ
346 2995 421 3056 κατά
435 2991 632 3072 πλεονασμὸν
647 2996 699 3055 τοὺ
714 3002 734 3053 ᾱ
749 2987 896 3067 ἀλαπθζω

327 3115 398 3181 134.
424 3090 578 3181 (ἧσθαι>]
600 3097 682 3175 παρδ
704 3093 738 3157 τὸ
750 3093 796 3157 ’έω
819 3093 854 3157 τὸ
874 3092 1045 3173 καθέζομαι·
1067 3092 1172 3157 τοὺτου
1192 3098 1227 3156 τδ
1249 3087 1435 3173 παραγωγάν

280 3198 350 3279 έημι
366 3197 415 3263 καὶ
430 3201 447 3262 ὑ
462 3202 625 3276 παθητικῶς
639 3195 725 3278 έεμαι
741 3198 790 3261 καὶ
806 3196 913 3279 κράσει
928 3198 1001 3278 ἧμαι
1017 3197 1066 3261 καὶ
1080 3197 1171 3277 ἧσται
1188 3197 1237 3260 καὶ
1253 3201 1271 3231 “
1281 3194 1378 3274 ἧσθαι
1385 3189 1405 3216 ”

329 3304 398 3387 136.
421 3298 523 3389 ἔσται]
547 3301 650 3365 λείπει
672 3301 775 3365 καλόν·
798 3298 817 3380 ἣ
840 3302 922 3367 ὅπως
943 3301 1014 3364 ἴσον
1034 3302 1070 3386 τῇ
1091 3302 1145 3386 έμῇ
1167 3297 1238 3384 ἀξίη
1259 3298 1394 3382 γένηται·
1416 3292 1434 3374 ἣ

230 3427 269 3484 30
282 3404 347 3485 μεθ’
366 3407 547 3482 ὑποστολῆς,
563 3403 629 3468 εἶτα
643 3402 678 3466 τὸ
694 3408 712 3439 ‘⁶
725 3403 812 3467 ἔσται
821 3402 838 3428 ”

329 3525 400 3591 143.
423 3502 576 3596 ἐπίτηδες]
594 3507 769 3585 έπιτηδείως

330 3628 401 3688 144.
425 3606 650 3697 καλλιπάρηον]
669 3612 719 3674 διά
740 3615 827 3688 τοὺῆ
844 3616 986 3693 Δωρικῶς

332 3731 402 3794 147.
425 3711 651 3801 έκπαγλότατα]
672 3713 832 3794 μεταθέσει
852 3720 905 3778 τοὺ
924 3726 942 3793 ἠ
959 3717 1003 3782 είς
1017 3727 1047 3779 ᾶ·
1070 3718 1151 3797 παρά
1166 3717 1224 3798 γὰρ
1239 3721 1274 3779 τὸ
1290 3713 1435 3795 πλήσσω·

286 3820 335 3884 έπὶ
349 3821 405 3900 μὲν
419 3824 554 3902 ψυχικοῦ
573 3818 686 3885 πάθονς
708 3821 759 3882 διδ
773 3822 826 3881 τοῦ
841 3829 870 3892 ᾶ,
887 3817 937 3883 έπῖ
955 3821 988 3883 δὲ
1004 3825 1056 3883 τοὺ
1072 3824 1243 3898 σωματικοῦ
1258 3817 1440 3903 πλήγματος

233 3938 272 4000 35
286 3926 336 3989 διά
350 3928 402 3987 τοὺ
417 3929 450 4003 η·
474 3921 612 4005 έπλάγην
627 3924 684 4004 γάρ
701 3921 749 3985 καί
766 3920 938 4004 έξεπλάγην
955 3924 1004 3987 έπὶ
1020 3926 1072 4001 τῆς
1086 3927 1190 4006 ψυχῆς

333 4041 403 4108 150.
425 4027 541 4107 ὑπόδρα
556 4021 641 4113 ίδοῖν]
658 4024 758 4091 δεινάν
770 4025 1031 4108 ὑποβλεψάμενος
1046 4031 1111 4090 A:

426 4124 555 4217 ὑπόδρα]
577 4130 732 4211 ἐπίρρημα.
762 4130 881 4223 γίνεται
903 4131 936 4194 δέ
957 4132 1060 4212 ῶσπερ
1076 4129 1137 4196 ἀπὸ
1158 4136 1211 4195 τοὺ
1228 4130 1328 4214 ἠρεμῶ
1344 4130 1441 4214 ἠρέμα

320 4415 344 4468 6.
360 4417 474 4482 nequitur
490 4417 568 4468 ιοδοί.
584 4434 632 4469 τοο
646 4417 734 4468 endem
746 4418 777 4468 de
788 4435 825 4478 ro,
838 4424 866 4469 ιιι
878 4418 930 4469 fere
943 4418 1084 4470 οτιιιίἀααι
1101 4424 1112 4480 11
1133 4428 1155 4484 7.
1172 4434 1248 4485 supra
1259 4417 1324 4483 μέγα
1335 4436 1360 4469 v.
1376 4418 1437 4484 ¹03]

286 4484 408 4548 seriptum
417 4481 479 4546 μίνη
496 4488 507 4544 n
526 4497 563 4535 νο.
574 4481 659 4564 ‘dapar
669 4484 683 4531 δ
695 4485 714 4533 δ.
730 4490 740 4545 n
756 4494 793 4547 τη.
806 4482 838 4535 δυ
852 4490 862 4547 ΙΙ
879 4488 916 4537 28.
929 4482 983 4548 δημι
1001 4492 1012 4549 [1
1030 4483 1097 4546 διμοι
1111 4491 1121 4547 n
1137 4499 1175 4552 ²9·
1187 4487 1220 4538 sd
1233 4498 1279 4550 135
1294 4491 1324 4534 αι
1336 4485 1440 4536 videtur

287 4549 365 4600 ιοδοδ.
377 4554 447 4599 σκιαί
457 4550 485 4599 in
501 4564 615 4613 margum
626 4549 763 4599 eumdum
