3000 5040
272 265 336 330 532
675 266 845 328 ιιιιιον
870 268 913 329 ιι.
936 262 1024 350 (12)

321 435 392 514 148.
416 432 559 524 άγνυτον]
571 483 579 500 .
590 487 596 500 .
608 482 616 499 .
630 434 678 500 καὶ
690 436 798 517 άγνυμι
810 435 845 499 rb
855 435 941 515 θέμα,
951 436 1033 501 ὅπως
1051 434 1129 518 έσχε
1144 432 1200 513 τὴν
1214 431 1353 516 γένεσιν·
1371 429 1432 494 ἀτδ

228 550 232 558 ’
274 544 326 604 τοῦ
341 539 452 624 ά<γ>ω
467 539 609 623 ῥήματος,
625 539 642 602 δ
658 541 798 620 σημαίνει
813 538 849 602 rb
864 545 937 616 κλῶ,
954 541 987 604 έκ
1003 539 1108 602 τούτου
1124 536 1314 621 πλεονασμῷ
1337 539 1394 598 τοῦ
1413 535 1430 598 ν

273 645 389 725 γίνεται
404 648 496 726 ἀγνῶ,
513 646 546 707 έκ
561 643 668 707 τούτου
683 642 792 725 ἀγνόιο,
810 645 844 708 ἐκ
859 643 965 706 τούτου
981 643 1090 724 άγνυμι

321 759 391 828 157.
417 744 501 835 ζαής]
518 748 595 829 άγαν
610 745 709 812 πνέων
843 749 915 809 160.
940 744 1017 827 ἀμφ’
1033 741 1121 834 αὖον]
1139 748 1215 809 narb
1229 743 1327 825 ξηρόν

242 866 260 926 5
417 847 538 938 ἀύτευν]
554 850 648 932 ήχουν
782 851 852 912 161.
874 845 1060 936 μυλάκεσσι]
1078 848 1208 933 τραχέσι
1221 848 1326 913 λίθοις
1341 845 1414 907 A:

320 955 391 1038 163.
415 949 608 1041 ἀλαστήσας]
627 951 929 1032 δεινοπαθήσαςΑε

321 1058 391 1137 167.
415 1057 530 1139 αἰόλοι]
545 1053 563 1134 ἢ
579 1058 714 1120 ποικίλοι
729 1053 747 1134 ἢ
764 1056 912 1135 εὐκίνητοι
927 1056 993 1125 A÷

320 1174 391 1242 177.
416 1155 593 1246 θεσπιδαές]
610 1160 668 1223 όπδ
684 1164 759 1224 θεῶν
775 1161 947 1238 ἀπτόμενον
961 1159 1027 1226 A÷

321 1262 391 1329 182.
409 1261 619 1351 Πολυποίτης]
633 1262 756 1342 Ἕλλην
771 1262 808 1343 ἦν
823 1284 883 1326 ree.

320 1364 390 1451 183.
414 1366 645 1453 χαλκοπαρῄου]
660 1370 778 1449 χαλκάς
793 1371 1016 1450 παραγναθίδας
1032 1367 1163 1450 έχοόσης

321 1470 391 1532 186.
414 1466 607 1558 πεπάλακτο]
625 1470 787 1550 έμολόνετο
801 1471 871 1532 A:

321 1591 391 1657 192.
415 1570 630 1660 αὐτοσχεδίην]
647 1576 680 1637 έκ
700 1579 752 1638 τοῦ
768 1575 915 1657 σύνεγγυς
930 1574 996 1644 A÷

319 1695 392 1755 204.
416 1673 510 1764 κόψε]
522 1677 703 1746 ἔδακενΑψ
770 1673 876 1766 αὐτόν]
888 1677 941 1742 τὸν
952 1679 1054 1742 αίετόν
1116 1671 1243 1762 έχοντα]
1263 1673 1433 1757 κατέχοντα

319 1798 392 1865 213.
416 1776 524 1868 δῆμον]
542 1781 675 1860 δημότην
806 1777 916 1866 παρέξ]
935 1783 1016 1862 παρὰ
1030 1780 1065 1843 rb
1081 1779 1151 1844 δέον

320 1901 391 1949 221.
416 1883 545 1965 ἀφέηκε]
558 1884 665 1965 έρριψε
721 1901 793 1965 225.
808 1887 889 1965 παρὰ
901 1881 1025 1973 ναῦφιν]
1040 1884 1100 1947 ἀπδ
1111 1888 1172 1948 τῶν
1187 1887 1269 1962 νηῶν
1283 1902 1346 1944 rec.
1356 1878 1426 1942 A:

320 1985 391 2070 238.
414 1986 449 2048 οὔ
464 2011 493 2050 τι
507 1984 708 2068 μετατρέπομ’
724 1987 783 2051 οὔδ’
800 1985 946 2075 ἀλεγίζω]
964 1986 1170 2069 παραλλήλοις
1185 1992 1221 2049 rb
1236 1985 1348 2073 [αό]τό

319 2103 392 2171 247.
414 2086 586 2177 μενεδήιος]
603 2092 682 2155 ὥστε
696 2091 799 2171 μένειν
813 2091 882 2157 τοὺς
897 2091 1112 2174 πολεμ<ί>ους
1127 2092 1161 2155 έν
1175 2092 1211 2176 τῇ
1226 2087 1313 2174 μάχῃ

320 2206 391 2275 255.
416 2192 508 2277 θέλγε
523 2190 611 2280 νόον]
625 2193 770 2275 ιιθέλγε”
787 2194 850 2257 κατ’
868 2194 1060 2276 εόφημισμόν

320 2298 391 2362 260.
417 2293 548 2384 ἔχματα]
566 2299 831 2380 καταστηρίγματα

223 2425 262 2465 20
321 2402 392 2481 265.
417 2402 644 2484 κελευτιόωντο]
660 2401 896 2482 παρεκελεύοντο
908 2401 977 2464 A:
1083 2415 1154 2483 277.
1177 2397 1235 2490 τό]
1253 2402 1283 2464 οί
1300 2401 1432 2466 Αίαντες

323 2504 394 2585 278.
418 2500 493 2591 τῶν]
508 2503 622 2570 τούτων
754 2519 826 2585 279.
849 2501 956 2592 ὤρετο]
974 2504 1191 2587 ὥρμησενΑ-ί·

320 2608 392 2671 280.
415 2605 675 2689 πιφαυσκόμενος]
698 2609 914 2689 προσημαίνων
936 2608 1003 2678 A÷
1160 2606 1233 2692 283.
1257 2601 1429 2693 λωτεῢντα]

275 2711 423 2776 ἀνθοῦντα
437 2711 506 2773 A:
992 2784 994 2789 Ι

320 2812 392 2879 286.
417 2813 605 2896 κρόπτονται.
640 2815 728 2891 έλόω,
747 2815 902 2896 όμέλλων
921 2816 1031 2891 έλόσεο,
1049 2819 1065 2880 b
1088 2814 1289 2899 παρατατικδς
1313 2816 1430 2887 είλυκα,

224 2941 260 3000 25
274 2917 309 2981 rb
324 2921 526 2996 πληθυντικὸν
543 2918 686 2997 είλόμεθα
701 2922 825 2984 είλυσθε
841 2923 975 2985 είλυνται
991 2919 1179 2984 “είλόαται”

320 3039 392 3106 293.
416 3018 529 3109 ἕλιξιν]
546 3026 608 3088 τοῖς
625 3022 791 3106 είλ<ο>ΰσι
807 3021 874 3088 τοὺς
889 3021 984 3089 πόδας
1007 3026 1041 3087 έν
1055 3025 1090 3101 τῇ
1106 3024 1214 3108 πορείᾳ
1228 3024 1260 3085 Α
1270 3038 1296 3092 -1-

320 3125 392 3209 298.
417 3121 582 3213 σχόμενος]
600 3126 736 3210 κατέχων
824 3128 896 3205 316.
921 3123 1112 3215 καυστείρης]
1128 3131 1182 3206 τῆς
1198 3129 1362 3205 καυστικῆς

319 3248 393 3313 340.
417 3224 571 3317 έπφχατο]
589 3227 655 3307 ήτοι
670 3229 777 3312 όχεΰσι
792 3228 872 3309 ἦσαν
887 3229 1118 3311 ήσφαλισμέναι

321 3352 394 3418 344.
418 3328 451 3418 ό]
468 3336 553 3395 τοῦτο
641 3347 714 3417 345.
739 3324 832 3417 τάχα]
847 3339 882 3396 rb
896 3333 1013 3416 ταχέως
1028 3334 1109 3416 παρὰ
1124 3336 1165 3420 τῷ
1180 3333 1305 3421 Ὁμήρῳ

223 3465 262 3521 30
321 3450 395 3521 347.
420 3431 573 3522 ζαχρηεῖς]
590 3435 668 3517 ἀγαν
684 3437 815 3517 ἀνδρεῖοι
948 3452 1021 3521 353.
1044 3434 1143 3527 εἶθαρ]
1162 3439 1273 3505 εὐθέως
1286 3439 1359 3501 A:

320 3539 392 3623 366.
418 3534 516 3625 σφῶι]
533 3541 617 3619 ὑμεῖς
748 3539 821 3624 380.
845 3536 878 3628 ό]
896 3542 1015 3608 όλίθος

320 3643 393 3727 384.
418 3638 645 3729 σὺν-ἄραξεν]
663 3643 846 3726 συνέτριψεν
978 3663 1051 3729 390.
1075 3642 1138 3733 άψ]
1156 3648 1263 3711 ὄπιθεν

320 3749 393 3832 396.
415 3742 530 3834 βράχε]
546 3745 665 3831 ήχησεν
796 3760 868 3834 397.
894 3743 1037 3836 ἔπαλξιν]
1054 3754 1239 3831 προμαχῶνα

318 3868 393 3930 400.
417 3848 640 3939 όμαρτήσαντε]
661 3852 735 3930 όμοΰ
758 3852 807 3915 καὶ
827 3851 886 3915 όπδ
906 3852 959 3915 τὸν
986 3851 1077 3916 αότδν
1102 3852 1205 3934 καιρδν
1224 3852 1371 3935 ἀφιέντες
1396 3857 1433 3918 rb

224 3982 262 4042 35
276 3954 387 4034 δόρατα
396 3953 465 4016 A:

320 4077 394 4136 401.
417 4054 592 4145 τελαμῶνα]
610 4060 684 4122 κατὰ
699 4056 752 4123 τόν
881 4059 956 4138 406.
979 4057 1136 4151 χώρησεν]
1151 4059 1357 4146 ἅπεχόρησεν

418 4156 577 4248 ίπάλξιος]
593 4159 655 4227 όπδ
785 4180 860 4241 422.
883 4159 1028 4252 έπιξτίνιρ]
1046 4165 1187 4250 έπικοίνῳ

318 4282 393 4349 423.
416 4263 484 4347 περὶ
499 4261 583 4353 ίσης]
600 4268 669 4348 περὶ
684 4271 737 4330 τοῦ
751 4268 821 4332 ίσου
907 4287 982 4348 424.
1006 4266 1164 4357 ἐπάλξεις]
1179 4271 1212 4332 αἱ

318 4386 394 4452 429.
417 4364 561 4457 ἀσπίδος]
583 4369 657 4435 κατά

311 4509 332 4546 1.
350 4496 467 4546 lacunam
477 4496 588 4547 indicavi
600 4503 611 4557 ΙΙ
625 4512 647 4547 ι.
660 4498 774 4564 supplevi
786 4515 817 4549 ex
828 4499 870 4549 Et.
882 4499 920 4549 M.
935 4504 945 4559 ΙΙ
960 4501 998 4550 18.
1011 4498 1170 4564 εδφημησμθν
1187 4505 1198 4561 n
1218 4514 1257 4566 24.
1269 4500 1408 4566 aepbmvro
1421 4509 1432 4564 ΙΙ

277 4575 316 4625 52.
333 4559 476 4626 συνέτριψεν
487 4563 525 4613 D:
543 4568 613 4628 -εψεν
624 4563 676 4629 legi
