3000 5040
556 287 726 348 ιλιιΔοΣ
748 286 785 346 ψ.
808 281 897 367 (23)

216 477 270 541 91.
292 451 365 544 ὁμή]
380 455 398 534 ἡ
415 453 489 533 αύτή
620 472 671 537 94.
695 447 796 539 ήθείη]
815 454 881 515 θεία

144 630 151 639 .
195 577 265 641 107.
289 556 385 647 έικτο]
402 559 537 638 ὧμοίωτο
668 556 831 639 θέσκελον]
843 557 930 621 θείως

196 683 267 727 111.
288 662 411 745 οὐρῆας]
426 662 463 725 τὰ
478 662 629 743 λεγόμενα
643 657 919 740 μουλαροφορτηγά

186 783 268 849 115.
292 765 410 848 σειράς]
432 765 623 849 <σ>χοίνους

197 870 267 934 116.
291 865 408 957 πολλά]
425 875 515 932 τοπία
646 863 774 953 ἄναντα]
791 868 932 948 ἀνωφερῆ
945 865 1011 928 B:
1317 886 1334 944 5

295 969 440 1060 κάταντα]
459 975 616 1053 καταφερῆ
634 970 699 1033 B:
836 965 988 1055 πάραυτα]
1006 967 1106 1047 ὁμαλά
1173 1008 1176 1013 <

294 1073 420 1163 δόχμια]
437 1076 555 1157 πλάγια
571 1074 637 1136 B:

198 1196 268 1243 121.
292 1179 409 1261 ἔκδεον]
426 1177 571 1257 έδέσμουν
701 1176 765 1259 τοί]
780 1178 811 1240 αἱ
826 1175 946 1256 ἡμίονοι

198 1299 268 1346 122.
292 1277 466 1369 ἐλδόμεναι]
483 1280 722 1362 προθυμούμενοι
808 1278 940 1362 ῥωπήια]
956 1282 994 1343 τὰ
1011 1279 1151 1361 φρύγανα

197 1402 268 1470 130.
291 1391 409 1467 χαλκδν
425 1384 605 1467 ζώννυσθαι]
623 1386 748 1464 σίδηρον
764 1384 1006 1461 καθοπλίζεσθαι
1319 1401 1355 1440 10

198 1486 265 1573 136.
290 1486 378 1570 κάρη]
394 1493 447 1552 τοῦ
462 1489 641 1568 Πατρόκλου
781 1505 852 1563 144.
876 1486 993 1568 ἄλλως]
1008 1485 1104 1565 μάτην
1119 1506 1178 1547 ree.
1190 1483 1256 1552 Α]-

198 1607 270 1674 159.
293 1587 460 1678 όπλεσθαι]
477 1591 651 1673 εὐτρεπίσαι
729 1590 799 1654 160.
824 1587 942 1671 κήδεος]
958 1590 1118 1670 φροντίδος
1133 1586 1295 1666 άξιοςΑι·

197 1697 267 1775 169.
291 1694 398 1777 δρατά]
414 1697 451 1758 τὰ
467 1693 556 1774 νεκρά

197 1811 269 1878 177.
292 1797 448 1880 σιδήρεον]
465 1797 592 1881 ἰσχυρόν
724 1792 858 1883 νέμοιτο]
876 1798 955 1860 καίοι

198 1900 269 1964 186.
290 1901 580 1986 ῥοδόεντι-ἐλαίῳ]
596 1906 636 1985 τῷ
651 1899 800 1985 ῥοδελαίιρ
817 1900 972 1985 λεγομένῳ
1319 1917 1354 1977 13

199 2007 269 2085 187.
293 2004 476 2086 ἀποδρύφοι]
493 2002 618 2081 άποξέοι
749 1998 953 2090 ἑλκυστάζων]
972 2005 988 2066 ὁ
1003 2003 1168 2086 Ἀχιλλεύς
1183 2003 1252 2064 A:

199 2127 267 2190 190.
289 2108 392 2190 μένος]
408 2110 443 2172 τό

198 2229 268 2291 191.
293 2211 431 2294 σκήλειε]
448 2211 594 2276 σκελετὸν
608 2209 756 2289 ποιήσειε,
772 2209 896 2290 ξηράναι
912 2210 978 2280 A÷

296 2316 374 2396 ἀμφὶ
390 2313 458 2396 περί
472 2317 551 2398 χρόα
566 2314 677 2397 ἴνεσιν]
693 2314 746 2377 τὸν
761 2315 840 2395 ἀμφὶ
855 2319 918 2381 τοῖς
934 2314 1049 2395 νεύροις
1064 2316 1143 2397 χρόα

199 2431 268 2502 195.
289 2418 384 2505 βορέη
401 2420 450 2482 καὶ
467 2418 598 2503 ζεφύρῳ]
614 2423 772 2500 συγγενεῖς
788 2418 870 2481 οὗτοι
1319 2441 1357 2481 20

199 2526 268 2606 1'97.
293 2521 511 2604 φλεγεθοίατο]
527 2520 677 2603 φλέξαιεν
809 2540 881 2584 200.
905 2521 934 2585 οἳ
949 2520 1020 2603 μέν]
1036 2523 1065 2584 οἱ
1082 2521 1187 2601 ἄνεμοι

197 2628 268 2692 216.
292 2626 383 2712 πυρῇ]
399 2627 434 2712 τῇ
450 2625 568 2710 μεγάλῃ
584 2624 662 2708 πνρᾷ
795 2625 869 2688 226.
893 2621 997 2712 ἐρίων]
1013 2625 1133 2704 μηνύων

197 2749 270 2814 233.
294 2730 322 2793 οἳ
338 2729 385 2812 δέ]
397 2727 549 2806 Ἕλληνες
682 2746 751 2813 234.
774 2728 839 2810 μίν]
855 2728 908 2792 τὸν
924 2725 1074 2811 Ἀχιλλέα

197 2853 270 2912 240.
295 2831 653 2915 ἀριφραδέα-τέτυκται]
671 2832 879 2913 εὐεπίγνωστα
895 2832 1064 2915 ὑπάρχουσι
1080 2834 1117 2895 τὰ
1133 2833 1211 2896 όστᾶ

198 2956 270 3021 243.
296 2935 464 3019 <δίπλακι>
482 2935 580 3020 δημῷ]
596 2937 671 3002 ἴσως
690 2937 748 3018 γὰρ
772 2934 809 3014 ήν
832 2936 881 2999 καὶ
905 2934 985 2998 κάτω
1007 2940 1067 2999 τῶν
1089 2936 1189 3000 όστῶν
1211 2937 1303 3002 λίπος
1319 2955 1357 3015 25

117 3018 127 3034 ο
154 3040 204 3102 καὶ
220 3040 281 3102 ἄνω
296 3045 355 3102 τῶν
370 3039 470 3101 ὀστῶν

199 3156 271 3222 257.
294 3141 451 3224 χεύαντες]
468 3141 753 3224 ἇναχωματίσαντες

198 3245 271 3309 261.
295 3244 418 3327 πολιόν]
437 3245 489 3307 τὸν
505 3245 634 3324 ἔντιμον,
650 3243 703 3308 τὸν
717 3244 939 3327 χρησιμεύοντα
956 3246 998 3310 είς
1014 3243 1107 3307 πόλιν

199 3350 270 3432 263.
294 3344 380 3435 θῆκε]
396 3349 426 3411 τί
444 3351 477 3411 δὲ
492 3348 623 3426 έθηκεν,·

198 3453 269 3516 266.
292 3451 423 3533 βρέφος]
440 3451 573 3532 ἔμβρυον
705 3451 777 3532 276.
802 3451 884 3534 περί]
899 3449 974 3531 ύπέρ
989 3447 1061 3510 A:

198 3572 268 3635 292.
292 3555 396 3638 αὐτόν]
412 3554 465 3619 τὸν
481 3553 605 3619 Αἰνείαν
694 3572 766 3637 299.
792 3554 957 3640 εὐρυχόρῳ]
974 3580 1009 3641 τη

197 3678 268 3743 310.
291 3654 347 3746 τῷ]
365 3661 415 3721 διὰ
430 3664 518 3721 τοῦτο
649 3673 724 3742 315.
741 3656 826 3739 μήτι]
842 3655 984 3736 “μήτει”

296 3758 364 3843 μέγ’
381 3757 525 3848 άμείνων]
541 3763 577 3847 τῇ
593 3762 694 3847 βουλῇ
835 3762 908 3846 318.
930 3760 1016 3845 μήτι]
1032 3767 1049 3797 “
1059 3761 1173 3843 μήτει”

197 3882 270 3951 329.
293 3864 365 3946 λᾶε]
381 3865 463 3927 λίθοι
595 3864 783 3946 ἐρηρέδαται]
798 3866 993 3947 στηρίζουσιν

198 3986 272 4053 330.
297 3967 406 4050 ἀμφίς]
423 3968 638 4048 άμφότερωθεν
769 3987 843 4053 331.
867 3967 932 4050 τεῦ]
947 3971 1029 4035 τινός

196 4090 270 4155 333.
295 4072 343 4134 καὶ
359 4076 412 4133 νῦν
428 4069 545 4150 τέρματ’
562 4071 664 4154 ἔθηκε]
681 4074 755 4135 κατὰ
770 4072 805 4135 τδ
821 4073 1019 4150 σιωπιύμενον

283 4173 427 4255 τέρματα]
444 4174 595 4253 καμπτούς

196 4288 269 4360 335·
294 4272 465 4364 Κλυιθῆναι]
483 4276 636 4358 κάμφθητι
766 4278 840 4362 336.
863 4272 954 4364 τοῖιν]
971 4281 1031 4342 τῶν
1045 4278 1147 4343 ἵππων
1161 4298 1220 4342 του.

197 4397 272 4465 337.
296 4380 416 4463 κένσαι]
432 4384 575 4460 κεντῆσαι
706 4380 785 4459 εἶξαί
799 4407 832 4445 τε
847 4380 890 4462 οἱ]
907 4383 1061 4446 ἐπιδοῦναι
1076 4381 1153 4467 αύτῷ

187 4529 210 4578 3.
226 4514 329 4578 δεόμενα
347 4521 357 4576 u
375 4516 524 4566 terminntio
538 4533 604 4579 τηγα
615 4516 718 4566 ‘incerto
738 4522 749 4576 ss
773 4517 810 4565 18.
828 4513 919 4579 ξηράνη
942 4521 953 4576 n
979 4529 1017 4582 19.
1034 4517 1118 4581 χρῶτα
1132 4518 1159 4568 D
1181 4522 1191 4578 ΙΙ
1216 4533 1255 4582 ²5·
1273 4517 1305 4567 λι

152 4589 213 4632 ante
224 4579 256 4643 ἦν
267 4583 339 4631 omini
358 4587 368 4642 ιΙ
387 4595 428 4644 3²·
446 4581 518 4644 μήτηι
538 4587 548 4642 ΙΙ
568 4595 607 4646 34.
625 4579 778 4645 στηρίζουσιυ
790 4583 895 4647 scripti:
912 4582 1034 4644 δλίξουσιν
