3000 5040
262 250 328 311 550
672 250 842 311 1A1AA02
865 251 900 310 Σ.
924 244 1012 331 (ις)

305 437 381 501 491·
403 420 454 507 ηδ]
469 419 505 507 πῆ
520 420 575 503 νδ
591 420 682 483 πόλει

304 540 381 606 492.
403 522 527 607 δαίδων]
546 527 665 605 φωτῶν,
684 519 851 601 λαμπάδων
982 539 1057 605 493.
1079 516 1216 609 ἠγίνεον]
1234 519 1312 603 ήγον

304 645 380 709 494.
403 626 533 709 ἐδίνεον]
550 625 773 708 ἀνεστρέφοντο

305 743 380 810 500.
403 729 604 812 πιφαύσκων]
620 733 781 810 διασαφῶν
912 739 986 809 501.
1009 723 1123 815 ἴστορι]
1138 725 1267 808 μάρτυρι
1279 726 1348 797 A÷

213 838 248 909 ‘5
405 830 528 920 πεῖραρ]
545 832 684 899 τὸτέλος
814 842 890 911 505.
915 825 1002 918 έχον]
1019 831 1158 914 ὑπῆρχον

306 949 381 1018 515.
405 935 509 1018 ἀνέρες
523 935 573 1002 οθς
588 936 642 1017 έχε
656 930 764 1021 γήρας]
781 932 921 1016 γέροντες
1009 946 1083 1015 519.
1106 929 1260 1022 άλίζονες]
1278 935 1381 1016 ὀλίγοι

305 1053 380 1125 539.
405 1035 553 1125 ὡμίλευν]
571 1036 797 1119 ἀνεστρέφοντο

305 1156 380 1226 540.
404 1136 565 1229 τρίπολον]
583 1142 646 1224 τρὶς
660 1137 897 1222 ήροτριασμένον

304 1259 377 1331 543.
401 1241 584 1332 ἐλάστρεον]
602 1243 737 1324 ήλαννον

211 1370 249 1411 10
305 1360 380 1431 544,
403 1344 528 1436 τέλσον]
545 1347 634 1414 τέλος
649 1346 695 1427 ήν,
711 1347 761 1411 καί
782 1347 857 1411 κατὰ
874 1346 1038 1427 μετάθεσιν
1052 1347 1147 1411 πέλσο
1164 1349 1213 1411 καὶ
1230 1349 1312 1432 προ(
1318 1347 1413 1430 σ>θέ-

263 1478 312 1517 σει
327 1457 380 1516 τοῦ
397 1454 414 1517 ῦ
429 1456 446 1488 ‘⁸
459 1450 604 1528 τέλσον,”
621 1450 688 1529 ήτοι
703 1450 794 1517 τέλος

304 1558 378 1637 546.
402 1550 614 1642 στρέψασκον]
632 1552 699 1633 ήτοι
715 1552 904 1636 ἐστρέφοντο
992 1551 1117 1642 ὄγμους]
1135 1555 1203 1621 τοὺς
1219 1553 1360 1620 αὔλακας

305 1661 379 1741 548.
400 1653 576 1745 μελαίνετο]
593 1660 706 1738 βαθεῖα
720 1656 864 1740 ἐφαίνετο
989 1654 1171 1745 ἀρηρομένῃ]
1188 1656 1411 1744 ήροτριασμένγ

305 1773 379 1842 550.
403 1757 541 1847 τέμενος]
558 1761 673 1843 χωρίον
804 1757 914 1848 ἔριθοι]
931 1763 1061 1844 γεωργοί

212 1886 247 1945 15
306 1879 380 1948 551.
405 1861 519 1953 ὀξείας]
538 1861 722 1943 ἠκονημένας

306 1981 382 2052 553.
404 1961 664 2053 ἀμαλλοδετῆρες]
683 1968 712 2030 οἱ
728 1967 968 2048 δραγματοδέται

306 2072 380 2154 561.
405 2066 522 2159 ἀλφήν]
540 2070 677 2150 άμπελον
810 2072 885 2155 563.
909 2068 1057 2159 εἱστήκει]
1074 2070 1092 2150 ἡ
1109 2071 1247 2152 ἀμπελος

405 2169 530 2261 κάμαξι]
546 2174 748 2257 χαρακώμασι
878 2170 1074 2262 ἀργυρέῃσιν]
1090 2174 1338 2255 βασταζομέναις

306 2278 380 2358 564
405 2273 499 2365 ἀμφί]
518 2277 607 2355 έθηκε
737 2278 813 2357 568.
836 2274 1014 2365 ταλάροισι]
1033 2281 1231 2345 καλαθίσκοις

211 2406 249 2447 20
306 2397 382 2463 570.
408 2376 555 2468 <λίνον>]
572 2378 591 2459 ἢ
606 2380 662 2460 τήν
677 2381 787 2462 κόρδαν
918 2396 992 2463 571.
1014 2377 1196 2467 ῥήσσοντες]
1214 2387 1393 2462 κροτοῦντες

306 2497 380 2567 572.
404 2480 514 2572 ἰυγμῷ]
532 2483 667 2570 συριγμῷ
679 2483 749 2546 A:
880 2485 954 2566 582.
977 2481 1034 2572 τά]
1052 2486 1081 2548 οἱ
1095 2482 1232 2568 λέοντες]

307 2588 381 2669 587.
405 2584 513 2674 νομόν]
531 2585 626 2666 νομήν
747 2585 822 2670 588.
845 2584 932 2673 οίῶν]
949 2587 1114 2668 προβάτων

405 2686 593 2777 ἀργεννάων]
611 2695 728 2755 λευκῶν

306 2796 381 2880 596.
405 2790 504 2881 εἵατο]
522 2792 743 2877 ἐνεδέ<δν>ντα
875 2789 1047 2881 ἐυννήτονς]
1065 2793 1097 2856 εὖ
1113 2794 1315 2872 νενησμένους

213 2920 250 2981 25
406 2893 514 2985 ἐλαίῳ]
533 2896 573 2963 ὧς
704 2898 777 2960 600.
801 2893 945 2985 ἀρμενον]
962 2895 1154 2978 ἡρμοσμένον
1170 2896 1237 2968 Λιι-

308 3000 382 3065 601.
405 2996 597 3086 πειρήσεται]
614 3003 721 3082 πεῖραν
737 3001 917 3080 ποιούμενος
934 2999 1088 3080 κινήσειεν

406 3100 527 3190 θέῃσιν]
543 3101 694 3186 γράφεται
710 3110 727 3140 “
739 3103 867 3190 θέλῃσιν
878 3103 896 3128 ”

308 3210 382 3273 602.
406 3202 589 3294 θρέξασκον]
608 3209 641 3272 ἐν
657 3207 755 3292 κύκλιρ
772 3207 896 3292 ἔτρεχον

824 3530 860 3589 Τ.

212 3688 252 3745 3ο
310 3683 339 3749 3.
363 3660 448 3751 θεοῦ]
466 3668 519 3727 τοῦ
532 3660 712 3743 Ἡφαίστου
845 3684 874 3745 9.
898 3660 1017 3751 πρῶτα]
1035 3663 1090 3743 τήν
1105 3662 1202 3747 ἀρχήν

312 3784 361 3831 11.
386 3763 479 3855 καλά]
496 3772 530 3830 τὸ
546 3767 638 3833 καλάς
652 3765 768 3847 μακρὸν
783 3769 865 3847 παρὰ
879 3769 921 3851 τῷ
939 3765 1062 3851 Ὁμήρῳ

310 3888 362 3936 21.
385 3865 529 3956 ἐπιεικές]
548 3868 662 3949 πρέπον
796 3871 846 3933 26.
869 3867 1068 3957 ἀεικίσσωσι]
1086 3871 1264 3952 ἀφανίσωσι

309 3992 362 4057 43.
386 3971 468 4052 οἰήια
482 3968 576 4060 νῆων]
593 3972 630 4036 τὰ
645 3969 781 4051 πηδάλια
912 3986 965 4055 45.
990 3969 1035 4059 σί]
1053 3974 1135 4037 οὗτοι

309 4078 362 4155 46.
385 4073 490 4164 δηρόν]
512 4077 609 4140 καίτοι
625 4102 662 4159 γε
681 4080 761 4158 τρεῖς
782 4074 901 4157 ἡμέρας·
926 4078 1009 4143 ἀλλά
1031 4076 1079 4141 διὰ
1100 4077 1156 4156 τὴν
1176 4077 1342 4160 δυστυχίαν
1361 4082 1422 4143 τῶν

213 4205 252 4264 35
266 4177 427 4258 Ἑλλήνων
440 4179 530 4242 τοΰτά
545 4181 643 4257 φησιν

310 4297 362 4365 50.
385 4282 487 4370 τράπῃ
503 4277 613 4370 ἀγορῇ]
629 4284 665 4371 τῇ
682 4284 826 4368 προεδρίᾳ
957 4282 1009 4349 61.
1033 4285 1075 4368 τῷ
1093 4279 1135 4370 κ’]
1154 4280 1202 4346 καὶ
1221 4283 1314 4350 οὕτως

308 4385 360 4451 68.
386 4381 601 4474 <ἀσκελέως>]
617 4384 775 4452 τουτέστιν
790 4385 997 4465 ἀμεταβάτως·
1021 4388 1054 4450 ἐκ
1069 4390 1244 4468 μεταφορᾶς
1265 4392 1325 4451 τῶν
1346 4413 1420 4452 σκε·

717 4528 757 4579 16.
774 4529 971 4591 ἀμαλλοδοτῆρις
