3000 5040
495 270 665 331 ιιιικαος
689 270 725 330 Α.
748 264 815 352 (1)
1161 267 1226 328 493

76 443 94 506 ό
112 438 292 520 δειλός-ἐξ
304 439 339 504 οδ
357 441 406 504 καὶ
424 436 539 521 τρήρων
558 436 834 518 παρωνύμως-καὶ
854 438 930 517 μετδ
949 439 1002 500 τοῦ
1017 440 1193 516 στερητικοῦ
1208 445 1228 498 ᾶ

78 546 204 629 ἆτρηρός
216 547 233 608 ό
244 543 403 627 δραστικὸς
415 541 464 607 καὶ
477 543 518 623 μὴ
531 542 642 616 δειλός,
658 542 707 604 καὶ
722 542 880 626 μεταβολῇ
896 545 949 604 τοῦ
963 538 983 603 εἰ
998 540 1041 606 είς
1055 549 1072 604 ὅ
1089 540 1213 622 ὀτρηρός

121 648 194 734 326.
218 649 269 712 ἐπὶ
283 651 378 728 μῦθον
393 646 531 733 ἔτελλεν]
548 642 735 726 προσέταξεν
751 647 877 711 ἐκείνοις

122 752 194 837 338.
217 745 375 836 μάρτυροι]
396 749 536 815 Ἰωνικῶς

122 873 195 941 339.
218 855 293 936 πρός
307 850 356 939 τε]
373 853 554 933 ἔμπροσθεν·
578 853 595 914 ό
610 853 643 915 δέ
659 851 827 931 σύνδεσμος
842 848 985 932 παρέλκει
999 847 1142 916 Ἀττικῶς
1243 883 1261 941 5

122 977 195 1043 342.
218 953 297 1044 θύει]
315 957 466 1039 ἐνθουσιᾷ,
480 954 613 1035 μέμηνεν

121 1072 195 1146 345.
220 1062 312 1141 φίλος
337 1060 432 1139 μένό
459 1057 601 1141 σνγγενή,
626 1059 743 1140 ἐταῖρος
769 1056 841 1122 δέό
869 1057 1068 1138 σνμπολίτης,
1091 1058 1173 1139 παρὰ
1195 1055 1230 1120 τὸ

79 1164 177 1245 ἐτηςδ
194 1165 321 1243 πολίτης
337 1164 386 1228 καὶ
401 1169 436 1225 τδ
451 1162 513 1243 δρω
528 1161 563 1225 τδ
579 1162 696 1243 ἁρμόζοι

123 1281 196 1353 347.
220 1264 276 1354 τό]
293 1270 323 1330 οἱ
339 1264 462 1346 κήρυκες
594 1282 667 1350 349.
691 1259 790 1351 όφαρ]
810 1263 928 1348 ταχέως

122 1384 196 1456 351.
220 1370 361 1452 ὀρέγννμι
377 1369 426 1433 καὶ
440 1367 458 1446 ή
474 1368 589 1451 μετοχὴ
605 1372 622 1402 “
632 1367 757 1450 ὀρεγνύς
769 1365 784 1391 ”
1248 1397 1284 1436 το

122 1485 195 1559 553.
221 1467 413 1558 ἐγγυαλίξαι]
430 1477 465 1535 τὸ
481 1471 524 1538 εἰς
539 1474 576 1534 τδ
591 1474 661 1554 γνῖο
675 1469 742 1550 ήτοι
758 1471 802 1537 εῖς
817 1470 870 1535 τὸς
884 1474 989 1554 χεῖρας
1004 1470 1116 1536 τιθέναι

123 1577 196 1662 358.
220 1576 337 1658 Νηρεὺς
358 1575 377 1654 ή
399 1576 545 1639 θάλασσα
566 1575 690 1656 λέγεται
714 1575 774 1637 ἀπὸ
795 1578 847 1636 τοῦ
862 1577 983 1639 νεῖσθαι
1001 1573 1038 1638 δι’
1056 1573 1154 1651 αθτῆς·
1179 1600 1232 1637 κτι·

79 1687 170 1745 λοῦσι
185 1682 218 1745 δέ
233 1680 286 1745 τὸν
296 1678 401 1760 Νηρέα
413 1678 463 1741 καὶ
475 1676 578 1741 ίἅλιον
589 1675 725 1758 γέροντα’
739 1679 789 1740 διδ
804 1682 838 1739 τὸ
854 1676 958 1757 ὥσπερ
969 1679 1082 1740 πολιδν
1093 1680 1233 1742 ἐπανθεῖν

78 1790 141 1851 τοῖς
164 1784 274 1864 κύμασι
296 1781 349 1848 τῶν
371 1782 479 1863 ἀφρόν
504 1781 552 1844 καὶ
574 1782 633 1862 γὰρ
655 1780 673 1858 ἡ
696 1781 849 1844 Λενκόθεα
874 1776 1009 1844 τοιοῖπόν
1034 1805 1063 1843 τι
1089 1780 1232 1861 ἐμφαίνει

79 1883 226 1972 (Cornut.
241 1882 347 1949 Theol.
366 1904 392 1947 c.
414 1902 453 1968 23
477 1905 507 1965 p.
528 1901 572 1960 44
588 1879 649 1967 Ιι.).
680 1879 698 1961 ή
726 1882 775 1947 καὶ
801 1883 847 1947 ότι
873 1881 908 1946 τδ
931 1883 1009 1964 ὕδωρ
1036 1888 1153 1965 πρῶτον
1174 1889 1233 1948 τῶν
1248 1911 1260 1951 τ
1267 1907 1285 1967 5

79 1994 185 2055 ἄλλων
201 1989 372 2074 στοιχείων,
387 1987 427 2054 ῶς
443 1984 589 2066 ἐδόξασεν
603 1987 620 2048 δ
636 1989 744 2066 Θαλῆς

123 2109 197 2178 359.
221 2086 432 2178 καρπαλίμως]
460 2093 492 2155 ἐν
522 2088 640 2170 κινήσει
669 2092 815 2171 κεφαλῆς,
842 2090 903 2153 ἀπὸ
928 2093 981 2152 τοῦ
1005 2088 1081 2170 κόρα
1107 2092 1156 2155 καὶ
1180 2096 1233 2155 τοῦ

80 2197 190 2263 πόλλω
205 2197 240 2261 τδ
258 2201 329 2261 κινῶ

124 2301 197 2386 361.
220 2295 379 2388 ὀνόμαζεν]
395 2298 549 2383 ’λχιλλέα
565 2297 715 2364 έκόλεσεν

123 2404 197 2489 363.
220 2399 352 2491 είδομεν]
368 2408 494 2487 γνῶμεν·
516 2401 656 2469 Ἰωνικῶς
1146 2427 1150 2433 ·
1249 2425 1287 2463 20

123 2508 196 2592 366.
221 2509 238 2570 δ
260 2507 371 2589 τρόπος
396 2508 446 2571 καὶ
471 2506 605 2590 ὑπεροχὴ
633 2507 682 2570 καὶ
708 2504 889 2591 σννεκδοχή·
912 2509 1046 2591 ὑπεροχὴ
1070 2506 1135 2587 μέν,
1159 2505 1234 2571 καθδ

80 2612 135 2690 τήν
147 2609 260 2691 Θήβην
270 2611 365 2690 μόνην
380 2608 512 2690 ἐξέλαβε
527 2609 582 2688 τὴν
596 2610 745 2693 μεγίστην
759 2611 860 2688 πόλιν,
872 2611 1041 2694 συνεκδοχὴ
1060 2610 1147 2694 (δέ>,
1158 2607 1232 2675 καθδ

81 2716 130 2779 καὶ
145 2717 199 2780 τδς
214 2715 313 2779 ἄλλας
329 2710 520 2790 σννεδέξατο,
529 2711 585 2791 τὴν
599 2715 725 2793 Χρῦσαν
736 2714 786 2778 καὶ
800 2714 856 2794 τήν
870 2718 987 2798 Βρῖσαν
1001 2712 1050 2780 καί
1064 2717 1117 2782 τδς
1132 2714 1233 2781 όλλας

221 2821 301 2898 τρεῖς
326 2815 360 2880 δέ
384 2817 445 2880 εῖσι
471 2818 587 2894 Θῆβαι,
606 2818 754 2895 Καδμεῖαι
776 2818 808 2880 αῖ
829 2820 998 2898 Βοιωτικαί,
1020 2821 1051 2883 αῖ
1071 2818 1233 2902 Αἰγύπτιοι

80 2919 111 2984 αῖ
119 2919 171 2985 καὶ
181 2920 384 2998 ἐκατόμπυλοι
396 2919 445 2982 καὶ
457 2920 488 2982 αῖ
498 2916 715 2994 ’Ύποπλόκιαη
720 2919 755 2983 τὸ
764 2920 931 2999 λεγόμενον
941 2918 1189 3002 Ἀδραμύττιονλ
1198 2938 1227 2994 ÷
1250 2944 1287 2998 25

125 3010 302 3108 Ἠετίωνος]
319 3025 372 3083 τοῦ
387 3026 498 3102 πατρὸς
513 3024 565 3100 τῆς
578 3018 788 3104 Ἀνδρομάχης
802 3024 856 3100 τῆς
870 3028 1010 3104 γνναικδς
1025 3029 1077 3087 τοῦ
1087 3022 1234 3107 Ἕκτορος

125 3126 198 3209 369.
222 3127 254 3189 ἐκ
270 3122 298 3187 δ’
314 3119 401 3214 έλον]
418 3123 458 3191 ῶς
474 3123 629 3205 ἐξαίρετόν
642 3150 672 3188 τι
688 3124 803 3189 ἔδωκαν

125 3230 198 3313 385.
224 3222 357 3314 ἐκότοιο]
376 3226 571 3293 Ἀπόλλωνος
714 3227 787 3314 388.
811 3227 828 3291 δ
843 3224 896 3316 δή]
912 3229 1006 3305 ὅστις,
1023 3232 1173 3298 λίολικῶς

124 3330 198 3415 389.
221 3325 291 3417 τήν]
308 3330 364 3408 τήν
378 3330 535 3410 Χρυσηίδα
670 3349 743 3414 390.
767 3327 888 3419 δνακτι]
904 3331 944 3416 τῶ
959 3330 1138 3398 Ἀπόλλωνι

125 3450 198 3517 393.
220 3426 385 3519 περίσχεο]
403 3431 561 3514 περίσχον,
576 3433 744 3513 φρόντισον
760 3437 825 3496 A:
1251 3458 1290 3514 30

223 3534 352 3619 (ἐῆος>]
375 3534 510 3599 ἀπὸτοῦ
532 3535 570 3599 ἔω
592 3533 725 3617 ῥήματος
747 3542 800 3600 τοῦ
826 3538 1024 3616 σημαίνοντος
1049 3538 1084 3602 τδ
1110 3538 1235 3626 ύπόρχιι

81 3641 176 3718 ὄνομα
200 3638 365 3722 ῥηματικὸν
385 3637 621 3717 ἐύς-σημαίνει
642 3641 676 3703 δέ
697 3639 751 3704 τὸν
772 3640 971 3720 ἀγαθόν-ῶς
991 3640 1054 3721 ήδω
1080 3641 1160 3721 ἡδύς,
1189 3646 1237 3709 καὶ

81 3744 176 3828 τροπῇ
191 3746 244 3806 τοῦ
259 3753 274 3806 ἐ
291 3744 334 3809 είς
349 3744 368 3820 ἦ
383 3741 436 3821 ἠύς
450 3740 521 3820 ήέος
536 3742 585 3805 καὶ
602 3744 634 3806 ἐν
648 3741 810 3823 ὑπερθέσει
826 3747 879 3806 τοῦ
894 3744 909 3806 ἐ
924 3745 992 3822 έήος
1089 3786 1094 3791 ·

125 3862 197 3930 397.
220 3842 286 3933 ὅτε]
302 3845 392 3924 ἡνίκα
523 3844 597 3923 406.
622 3845 748 3927 ἔδησαν]
765 3846 827 3909 Δία

124 3949 199 4029 408.
223 3945 269 4036 αῖ]
287 3950 425 4031 Δωρικόν
554 3966 630 4030 409.
656 3948 761 4032 ἔλσαι]
780 3947 958 4025 σννελόσαι,
974 3957 1157 4034 συγκλεῖσαι
1251 3967 1290 4029 35

124 4072 197 4132 414.
220 4048 305 4139 αίνό]
322 4054 412 4119 αἰνῶς
542 4065 616 4133 425.
640 4048 806 4138 δωδεκάτῃ]
823 4050 920 4137 ήμέρη
955 4100 961 4113 .

124 4156 199 4235 426.
221 4153 284 4244 τοί]
301 4155 337 4236 δή
425 4152 482 4244 δῶ]
499 4157 638 4243 όποκοπῇ
727 4175 801 4242 433.
825 4152 923 4243 ἱστία]
940 4160 993 4223 τὰς
1010 4154 1180 4249 [όθ]όνα[ς]

124 4271 199 4344 435.
223 4255 331 4348 ὅρμον]
348 4259 457 4341 λιμένα
587 4259 662 4343 436.
687 4255 789 4348 εύνός]
805 4258 859 4325 τὰς
871 4259 1001 4342 ἀγκύρας

124 4381 199 4446 449.
222 4359 405 4451 οὐλοχύτας]
431 4366 526 4441 ὄνομα
547 4363 688 4442 θηλυκόν·
712 4363 801 4427 οὐλαὶ
825 4365 856 4427 αῖ
879 4364 989 4446 κριθαί,
1004 4365 1084 4447 παρὰ
1100 4371 1135 4430 τὸ
1154 4368 1238 4447 όλον,

81 4467 121 4534 ῶς
137 4472 211 4549 πρὸς
226 4465 281 4534 τὰς
297 4468 511 4547 ἀληλεσμένος
527 4471 617 4538 AB).
1254 4502 1292 4555 40

114 4598 137 4651 7.
155 4602 189 4636 τιτι
200 4585 317 4649 σονήθηιί
334 4592 345 4646 ΙΙ
366 4600 410 4701 ιφς
420 4583 530 4649 ἐμφαίνει
539 4602 580 4636 :—
592 4590 603 4646 ΙΙ
624 4598 663 4646 23.
680 4586 783 4649 βρῦτον,
795 4586 827 4638 οῖ.
840 4588 1010 4638 Wilamowitz
1021 4588 1089 4641 Phil.
1102 4591 1167 4641 Ποῖ.
1179 4592 1236 4642 VII

82 4665 127 4716 4¹¹
149 4655 159 4711 ΙΙ
179 4666 219 4715 3²·
238 4650 276 4701 ἐδς
288 4654 384 4716 1)on
421 4651 493 4701 omini
