3000 5040
253 257 319 319 548
666 262 836 323 ιλικιοε
860 265 893 325 ς..
917 256 1003 346 (18)

300 446 373 492 100.
397 429 495 513 ἐμεῖο]
513 434 617 513 χεῖρας

300 528 371 595 108.
395 529 521 621 ἐφέηκε]
538 534 717 615 παρόρμηκε
839 552 909 617 109.
933 534 965 600 ὅς
980 532 1027 615 τε]
1044 533 1173 616 όχόλος

301 651 372 696 110.
390 634 482 717 (ἠύτε
498 633 648 723 καπνός>]
667 636 747 714 ζέσις
761 638 819 718 γὰρ
835 642 887 699 τοῦ
903 637 971 717 περὶ
987 637 1111 717 καρδίαν
1125 639 1256 714 αἵματος
1269 631 1309 714 (ά
1326 634 1417 711 θυμὸς

255 735 316 818 δι’)
335 736 435 817 ὄρεξιν
450 738 679 818 ἀντιλυπήσεως
693 738 789 809 AB÷

222 863 241 924 5
301 857 374 917 124.
398 841 520 925 ἐφείην]
535 841 739 924 ἀναγκάσαιμι
873 842 944 928 136.
968 838 1087 930 νεῦμαι]
1105 841 1275 924 πορεύομαι

301 943 373 1027 138.
397 941 505 1032 πάλιν]
523 947 567 1013 εἰς
582 947 717 1009 τούπίσω
847 945 926 1028 υῖος]
942 948 975 1010 έκ
991 951 1043 1009 τοῦ

300 1060 373 1128 147.
397 1045 523 1136 ένείκαι]
541 1052 663 1128 κομίσω
799 1051 870 1129 176.
892 1046 922 1136 ί]
939 1049 1038 1126 αὐτόν,
1055 1049 1108 1114 τὸν
1118 1046 1257 1128 Ἕκτορα

301 1149 373 1234 178.
396 1148 509 1240 σέβας]
527 1153 618 1219 αίδός
750 1149 876 1240 σέ]σοῦ

302 1254 372 1318 180.
395 1251 603 1343 ᾐσχυμμένος]
629 1256 903 1339 κοταισχυνόμενας
921 1256 956 1320 τὸ
980 1258 1152 1338 πρόσωπον,
1169 1255 1211 1335 μή
1236 1253 1273 1318 τδ
1297 1254 1414 1318 οῖκεῖον

205 1387 242 1427 10
256 1355 362 1442 σχίζων
377 1357 491 1425 κάλλος

302 1459 374 1544 198.
398 1458 508 1550 αὕτως]
526 1465 619 1529 οὕτως
639 1463 679 1530 ὧς
695 1465 776 1549 έχεις
875 1525 876 1529 ,

300 1581 374 1642 204.
398 1562 505 1652 ὤμοις]
522 1568 613 1630 αὐτοῦ
743 1567 860 1650 αἰγίδα]
876 1568 981 1649 φόβον

301 1681 373 1749 205.
397 1665 505 1756 νέφος]
523 1670 557 1734 τὸ
571 1673 752 1751 σκυθρωπόν

301 1772 372 1836 206.
397 1773 502 1853 φλόγα
517 1769 765 1860 παμφανόωσαν]
782 1773 817 1837 τὸ
833 1779 980 1856 φρικῶδες
997 1775 1045 1838 καὶ
1061 1777 1200 1855 φοβερόν

301 1873 374 1937 208.
398 1875 468 1958 τήν]
483 1878 552 1956 περὶ
566 1877 605 1955 ήν
735 1873 829 1964 δήιοι]
847 1876 987 1956 πολέμιοι

301 1995 374 2061 209.
397 1980 428 2042 οῖ
441 1974 489 2066 τε]
506 1981 536 2042 οῖ
551 1979 771 2059 πολεμούμενοι
890 1977 1054 2069 κρίνονται]
1071 1979 1284 2060 δοκιμάζονται

301 2100 374 2146 211.
397 2082 522 2165 πυρσοί]
538 2085 567 2147 οῖ
583 2084 678 2164 φανοί
692 2103 752 2147 ree.

403 2184 606 2271 (ἐπήτριμος)
624 2185 691 2265 ήτοι
707 2187 820 2270 συχνὸς
836 2188 884 2251 καὶ
900 2187 1202 2272 ἀλλεπάλ<λ>ηλος·
1231 2188 1339 2267 ὥσπερ
1354 2185 1412 2269 γάρ

256 2287 291 2353 τό
307 2290 471 2368 έπηετανός
487 2290 547 2354 ἀπὸ
562 2295 615 2352 τοῦ
630 2291 697 2356 ἐτος
712 2291 818 2356 έτανός
842 2293 890 2354 καὶ
914 2294 1088 2371 ἐπηετανός,
1104 2293 1181 2356 οὕτω
1206 2291 1256 2355 καὶ
1278 2296 1315 2353 τὸ
1338 2289 1412 2369 ἐπή-

205 2427 244 2467 20
257 2418 359 2473 τριμος
381 2393 441 2457 ἀπὸ
465 2395 625 2476 τοιῖτρίον
647 2399 700 2457 τοῦ
727 2394 925 2474 σημαίνοντος
947 2395 981 2458 τὸ
1005 2397 1123 2461 πολλόν
1146 2395 1196 2459 καί
1217 2394 1297 2476 μετὰ
1321 2398 1415 2456 ταῦτα

257 2500 360 2580 τριμός
374 2497 498 2580 ήτριμος
514 2497 563 2563 καὶ
581 2498 743 2582 ἐπήτριμος

243 2601 246 2606 ’
302 2619 374 2668 212.
398 2602 532 2686 ίδέσθαι]
548 2605 629 2667 ὥστε
761 2621 834 2688 213.
858 2604 978 2686 νηυσίν]
997 2608 1062 2670 ταῖς

302 2724 374 2789 219.
398 2705 524 2787 ἀριζήλη
541 2702 642 2794 φωνη]
659 2706 777 2790 μεγάλη
793 2709 910 2790 γίνεται

302 2827 376 2873 221.
400 2810 525 2892 ἀριζήλη
542 2806 644 2896 φωνή]
663 2810 742 2893 άγαν
757 2811 883 2889 έκδηλος

303 2932 375 2998 223.
399 2909 518 3001 ὀρίνθη]
536 2913 687 2998 ἐταράχθη
822 2932 893 2992 224.
918 2914 1007 2999 ὄχεα]
1022 2915 1075 2978 ἐπί

303 3031 375 3101 245.
396 3016 555 3100 μέδεσθαι]
572 3018 733 3098 φροντίσαι
868 3019 940 3098 256.
964 3014 1061 3105 εἰμέν]
1080 3017 1173 3098 ἐσμέν

214 3140 216 3145 ·
303 3120 376 3202 258.
398 3122 531 3203 ῥηίτεροι
547 3116 738 3208 πολεμίζειν]
756 3120 1080 3202 εὐκαταγωνιστότεροι

303 3238 376 3307 275.
398 3223 507 3306 πόλοι]
524 3228 577 3289 νῦν
592 3227 629 3288 τά
649 3222 871 3303 οἰκοδομήματα
961 3225 1034 3305 278.
1057 3221 1113 3312 τῷ]
1130 3226 1171 3308 τῷ
1186 3223 1336 3307 Ἀχιλλεῖ

303 3327 376 3393 286.
399 3326 562 3410 ἀλήμεναι]
577 3329 787 3408 συστραφῆναι

304 3430 375 3510 287.
399 3430 551 3514 ἐελμένοι]
568 3428 836 3512 συγκεκλασμένοι

304 3551 377 3617 292.
400 3532 573 3617 περνάμεν’]
589 3534 826 3615 πιπρασκέμεναι
958 3531 1032 3623 ἵκει]
1049 3536 1176 3616 ἀφίκετο

304 3655 377 3721 294.
401 3633 507 3724 ἔλσαι]
526 3642 706 3720 συγκλεῖσαι
836 3657 911 3724 300.
937 3635 1064 3726 ἀνιάζει]
1081 3641 1200 3703 ἀνιῖιται

302 3759 376 3826 302.
400 3737 474 3829 τῶν]
491 3747 552 3805 τῶν
564 3741 678 3823 Τράωυ

303 3858 378 3929 317.
404 3846 529 3929 (χεῖρας
544 3844 590 3909 ἐπ’
604 3845 810 3927 ἀνδροφόνους
829 3845 954 3925 θέμευος
966 3845 1135 3925 στήθεσσιν
1146 3841 1305 3933 έταίρου>]
1323 3842 1343 3924 ἢ
1361 3847 1417 3912 τάς

208 3989 245 4049 35
260 3951 364 4032 χεῖρας
378 3953 432 4011 τοῦ
448 3948 628 4029 Πατρόκλου
643 3947 767 4027 θέμενος
785 3951 896 4028 ἐντοῖς
912 3953 1018 4012 ἑαυτοῦ
1034 3949 1180 4028 στήθεσιν
1194 3948 1255 4011 ΑΒ
1265 3966 1293 4020 ‹1-

303 4071 379 4137 319.
403 4046 618 4138 ἐλαφηβόλος]
633 4051 777 4133 θηρευτής
908 4048 1045 4140 ἁρπάσῃ]
1058 4052 1118 4116 ἀπὸ
1132 4051 1241 4133 μέρους
1257 4053 1292 4115 τὸ
1308 4057 1373 4116 πᾶν

305 4174 378 4242 329.
402 4154 507 4237 άμφω]
524 4154 711 4237 ἀμφοτέρους
725 4155 810 4235 ἡμῶν

403 4254 538 4345 ἐρεῦσαι]
556 4260 682 4340 ἐρυθρὸν
695 4260 736 4343 τῷ
753 4260 856 4338 αίματι
871 4261 998 4343 ποιήσαι
1010 4258 1080 4320 A:

305 4373 380 4446 335.
404 4365 472 4425 σοῖο
488 4361 618 4444 φονῆος]
633 4367 686 4425 τοῦ
817 4363 891 4447 338.
915 4362 1028 4445 τόφρα]
1044 4361 1117 4429 τέως

265 4533 268 4541 .
295 4503 318 4555 3,
331 4505 353 4552 4.
370 4489 484 4554 supplevi
496 4505 526 4539 ex
538 4490 587 4538 AB
604 4494 616 4549 ll
634 4504 657 4553 4,
675 4488 752 4551 ὄρεξιν
763 4489 817 4539 ἀντ.
832 4495 949 4553 τερατεία
963 4489 996 4538 ιλ)
1010 4491 1233 4541 antecedentibus:
1252 4493 1374 4543 coniunxi
1386 4498 1417 4544 nt

261 4556 311 4604 AB
330 4564 340 4616 ss
361 4564 384 4617 7.
401 4551 495 4615 κομίσω
514 4560 524 4613 ΙΙ
542 4569 578 4605 20.
598 4552 665 4616 τρίον
675 4555 777 4618 scripsi:
794 4553 853 4617 πρίω
871 4561 881 4614 ΙΙ
901 4568 940 4618 25.
957 4554 993 4603 ἔτι
1006 4562 1066 4605 υνδε
1077 4555 1116 4605 ίτί
1128 4557 1201 4606 omisi
