3000 5040
509 285 681 346 ικιλιον
704 285 728 346 ι.
750 279 821 370 (ο)
1176 285 1240 349 523

133 464 206 537 355.
228 446 309 540 οίον]
326 450 410 532 άπαξ
422 459 487 516 A:
623 454 696 538 358.
720 449 849 540 νηήσας]
866 454 1022 535 σωρεύσας
1039 461 1105 518 A:

133 555 208 640 378.
232 556 418 638 τίω-καρὸς
436 553 524 644 αἴσῃ]
543 554 562 636 ἢ
583 556 618 620 έν
638 555 723 635 τάξει
739 556 869 622 θανάτου
890 556 1029 639 ἡγοῦμαι,
1044 557 1073 638 ή,
1090 557 1130 626 ὣς
1152 558 1237 638 ένιοι,

90 660 124 723 έν
135 658 219 739 τάξει
229 656 430 742 μισθοφόρου,
446 660 486 727 ὡς
502 660 618 740 ἄτιμον·
641 666 755 743 πρῶτοι
770 663 827 743 γὰρ
841 665 938 743 Κίιρες
954 663 1003 727 έπὶ
1017 664 1117 748 μισθῷ
1128 663 1237 746 έστρα-

90 763 241 841 τεύθησαυ
257 762 305 827 καὶ
320 762 428 842 έδοξαυ
444 764 521 829 εἶναι
536 765 710 843 ἀτιμότατοι
729 784 787 827 rec.
804 769 867 834 Α]-

133 865 205 950 398.
230 862 363 953 άγήνωρ]
380 868 515 948 ἀνδρεῖος
1252 892 1271 954 5

133 987 209 1047 402.
232 965 390 1057 ἐκτῆσθαι]
413 973 575 1049 κεκτῆσθαι
595 971 739 1052 ὤφειλεν,
756 970 839 1034 άλλά
859 972 925 1036 έστι
947 978 1008 1038 τῶν
1030 970 1185 1048 Ἀττικῶν,
1208 975 1238 1038 οἱ

90 1075 124 1138 δὲ
138 1073 272 1138 Ἀττικοὶ
287 1072 479 1153 ἐκβάλλουσι
492 1080 528 1138 τό
543 1075 709 1155 σύμφωνον

134 1195 205 1254 404
232 1173 444 1263 <ἆφήτορος>]
460 1174 479 1256 ἢ
495 1177 693 1259 δμοφήτορος,
709 1179 818 1257 ὁμοίως
835 1182 913 1243 πᾶσι
928 1180 1171 1261 προφητεύοντος
1190 1182 1240 1246 καὶ

89 1279 319 1361 μαντευομένου,
335 1282 376 1365 τῷ
392 1306 426 1344 τε
440 1278 547 1358 πένητι
561 1281 611 1344 καὶ
626 1283 763 1366 πλουσίῳ
780 1287 843 1352 A÷

133 1397 208 1464 425.
230 1385 320 1447 τοῦτό
333 1386 441 1462 φησιν,
456 1384 503 1447 ότι
523 1385 635 1463 ματαία
649 1385 735 1448 ἐστὶν
749 1384 851 1452 αὐτοῖς
864 1385 968 1468 γνύμη
984 1387 1068 1466 αὕτη,
1083 1384 1121 1465 ἦν
1136 1387 1238 1467 έποίη·
1256 1407 1293 1448 ιο

88 1512 148 1551 σαν
170 1490 199 1551 οἱ
218 1485 371 1564 Ἕλληνες
386 1484 561 1568 πέμψαντες
577 1487 654 1566 ὑμᾶς
674 1487 822 1568 πρέσβεις
834 1490 909 1570 πρός
929 1515 968 1570 με
989 1490 1029 1556 ὣς
1044 1488 1227 1569 δυναμένους

89 1595 195 1656 πείσαι
213 1594 303 1653 AB:

133 1712 209 1778 433.
234 1688 472 1780 <άναπρήσας>]
489 1691 723 1775 ὰναφυσήσαςῆ
740 1694 855 1775 ἁθρόως
871 1695 1038 1774 άναβαλύν

135 1816 209 1875 440.
233 1793 354 1885 νήπιον]
372 1798 573 1877 σμικρότατον

167 1897 172 1904 ’
231 1901 339 1981 φασίν,
352 1902 399 1965 ότι
413 1900 528 1964 δύδεκα
542 1901 619 1963 ἐτῶν
633 1898 670 1979 ήν
682 1901 699 1963 ό
712 1899 886 1983 Ἀχιλλεύς,
896 1900 948 1966 ὅτε
963 1899 1058 1980 ήλθεν
1070 1903 1113 1968 είς
1123 1901 1238 1983 Τροίαν
1258 1918 1293 1979 15

134 2024 207 2083 444
231 2000 285 2091 ὥς]
304 2005 353 2068 διό
481 2016 557 2084 445.
579 2000 744 2092 ὑποσταίη]
759 2005 929 2088 ὑπόσχοιτο
944 2008 1009 2068 A:

135 2107 210 2186 448.
231 2102 426 2194 Ὀρμενίδαο]
442 2104 589 2188 Ὀρμένου
603 2109 711 2173 παιδός

135 2229 210 2292 449.
233 2214 401 2292 διφορεῖται
416 2208 529 2293 γραφή,
544 2211 594 2274 καὶ
608 2210 751 2290 παλλακή
767 2212 816 2276 καὶ
831 2212 984 2279 παλλακίς

135 2325 210 2394 452.
233 2310 429 2400 προμιγῆναι]
445 2313 504 2396 πρὸ
518 2317 571 2376 τοῦ
585 2315 698 2395 πατρός
714 2317 778 2385 A÷

134 2430 209 2502 453.
231 2420 267 2504 τῇ
284 2418 415 2497 πιθόμην
430 2414 478 2480 καὶ
493 2412 596 2503 έρεξα]
614 2423 732 2497 σεμνῶς

136 2535 209 2600 470.
234 2516 405 2607 εἰνάνυχες]
422 2521 472 2585 ἐπὶ
487 2519 515 2584 θ’
530 2522 637 2586 νύκτας
652 2526 717 2583 A:

134 2643 210 2709 491.
233 2626 267 2687 έν
281 2623 389 2711 νηπιέῃ
405 2619 563 2711 ἀλεγεινῇ]
580 2626 614 2689 έν
628 2649 663 2709 τη
681 2626 883 2711 παιδοτροφίᾳ
897 2626 933 2712 τῇ
949 2627 1070 2713 χαλεπῇ

134 2746 210 2813 493.
232 2723 264 2815 ό]
281 2729 328 2792 ότι
344 2731 407 2798 A÷
544 2722 652 2815 γόνον]
668 2729 789 2792 παιδίον

134 2847 210 2914 497.
232 2832 267 2896 τὸ
282 2832 464 2914 ἐπιχείρημα
478 2830 539 2894 όπὸ
552 2831 689 2911 μείζονος
776 2843 848 2916 519.
871 2829 1002 2920 ὑπέστη]
1018 2831 1169 2917 ύπέσχετο

135 2951 210 3020 524.
233 2929 433 3022 ἐπευθόμεθα]
450 2933 605 3014 ἠκούομεν.
636 2935 662 3018 9.
683 2935 789 3017 δόροις
803 2936 978 3015 πειθόμενοι
992 2935 1063 2998 A:
1255 2954 1293 3015 25

135 3053 210 3124 532.
233 3034 440 3125 διαπραθέειν]
456 3039 606 3120 πορθήσω

135 3158 210 3228 533.
234 3135 330 3228 τοῖσι]
347 3146 410 3208 τοῖς
428 3142 633 3207 Καλυδωνίοις
747 3152 821 3226 534.
843 3137 957 3230 γουνῷ]
973 3143 1014 3228 τῷ
1029 3144 1143 3228 γονίμῳ
1158 3143 1241 3229 τόπερ

135 3260 207 3333 535.
230 3241 353 3333 Οἰνεύς]
369 3244 520 3325 βασιλεὺς
537 3245 739 3309 Καλυδωνίων
825 3245 899 3330 538.
922 3250 988 3311 δῖον
1001 3241 1104 3333 γένος]
1121 3244 1145 3310 ὦ

103 3369 106 3375 ’
135 3365 209 3433 540.
232 3345 324 3439 έθων]
342 3346 379 3428 ἐξ
391 3348 477 3415 έθους
491 3353 596 3423 ποιῶν,
608 3347 688 3424 έθιίς,
705 3346 857 3415 καταστάς
871 3353 898 3413 Α
910 3378 930 3396 ν

134 3467 208 3535 541.
232 3452 440 3537 προθέλυμνα]
454 3448 473 3529 ἢ
489 3451 680 3534 πρόρ<ρ>ιζα
691 3457 754 3522 A÷
838 3453 912 3531 546.
936 3452 1088 3536 ἐπέβησε]
1103 3453 1120 3516 ό
1133 3457 1241 3537 χοῖρος
1256 3475 1295 3531 30

134 3571 209 3640 547.
234 3555 275 3642 (ἦ
297 3556 322 3622 δ’
339 3558 414 3638 ἀμφ’
430 3551 549 3642 αύτῷ>]
565 3553 632 3634 ήτοι
647 3552 724 3634 ἀμφὶ
744 3556 840 3641 ἑαυτῷ
856 3556 873 3617 ό
888 3560 1002 3639 χοῖρος.
1031 3561 1181 3638 ψιλοῦται
1196 3554 1241 3635 δέ,

92 3666 169 3727 διότι
184 3660 327 3728 ούδέποτε
342 3657 475 3745 συνθέτιρ
491 3658 660 3743 ἀντωνυμίᾳ
673 3661 784 3740 χρῆται
799 3658 816 3720 ό
830 3658 958 3739 ποιητής

233 3758 320 3851 θῆκε]
338 3767 473 3849 όχοῖρος
603 3772 677 3842 551.
698 3757 803 3848 κακός]
820 3760 970 3844 γράφεται
984 3767 1002 3798 “
1013 3765 1109 3828 κακῶς
1120 3759 1138 3786 ”

135 3882 211 3953 553.
235 3870 284 3933 καὶ
300 3860 420 3953 ἄλλων]
437 3868 503 3930 οίον
517 3867 575 3928 σού

135 3976 209 4055 562.
231 3966 416 4057 Ἀλκυόνην]
439 3969 515 4051 πρὸς
536 3966 771 4047 ἆντιδιαστολὴν
792 3971 845 4031 τοῦ
867 3965 980 4048 όρυέου,
1003 3966 1042 4046 ήν
1063 3972 1165 4050 φαμεν
1186 3968 1241 4033 άλ-
1255 3982 1295 4045 35

92 4080 184 4144 κυόυα

136 4181 210 4266 563.
233 4173 332 4268 οἶτον]
349 4175 510 4260 συμφοράν
523 4181 590 4240 A:

135 4285 209 4367 567.
227 4280 444 4367 (κασιγνήτοιο
465 4275 613 4367 φόνοιο>]
631 4277 699 4360 ἤτοι
717 4280 768 4344 διὰ
789 4284 843 4344 τὸν
865 4277 963 4361 φόνου
984 4281 1036 4342 τού
1059 4279 1242 4360 ἆδελφού-

93 4385 248 4453 άπέκτειυε
266 4388 326 4469 γδρ
340 4382 521 4467 Μελέαγρος
542 4383 612 4452 τοὺς
625 4379 826 4466 μήτρωος-ἢ
844 4383 913 4447 ’ἀντὶ
933 4385 986 4446 τοῦ
1007 4382 1083 4464 ύπὶρ
1098 4407 1242 4465 κασιγνη-

124 4531 149 4579 4.
165 4512 314 4576 ἀτιμότατα
333 4518 345 4575 Ι]
362 4526 401 4578 15.
417 4510 454 4562 Ἀ.
466 4509 525 4561 όταν
542 4517 553 4573 ΙΙ
573 4511 611 4561 18.
628 4509 775 4574 διαφορεῖται
793 4514 805 4570 11
824 4523 864 4560 20.
881 4507 1000 4572 σεμνότης
1016 4514 1027 4571 u
1047 4510 1086 4559 ιδ.
1102 4509 1136 4561 td
1154 4525 1179 4559 v.
1193 4510 1241 4576 538

91 4579 326 4645 ammonium
348 4585 358 4641 11
380 4591 418 4644 2⁹·
435 4576 620 4643 menam:
638 4575 780 4641 ευννῐοιῑ
798 4580 809 4639 ΙΙ
828 4586 867 4641 ³9·
883 4573 1055 4640 memw:
1071 4573 1147 4641 θνα·
