3000 5040
530 278 699 339 ικικαος
724 281 756 339 ιι.
780 272 823 359 (2
835 274 848 359 γ

152 445 225 527 569.
249 442 486 534 έπιγνάμψασα]
503 445 705 528 έπικάμφασα
720 449 787 526 ἦτοι
803 443 963 528 πραθνασα
979 450 1046 510 Α-

152 562 226 628 570.
249 545 410 636 ὦχθησαν]
427 549 641 633 ἠγανάκτησαν

152 664 225 732 571.
249 654 265 715 ό
288 652 385 735 αἰθήρ,
407 654 442 718 τδ
465 654 597 736 καθαρόν
619 653 667 716 καὶ
690 655 810 735 διαυγὲς
832 659 899 735 πῦρ,
922 652 997 721 Ζεός
1020 655 1095 730 έστι,
1111 653 1146 718 τό
1168 657 1202 719 δέ
1225 655 1259 719 έν

108 753 218 835 χρήσει
243 757 291 819 καὶ
314 758 470 841 ἀερομιγές
486 757 673 838 Ἥφαιστος,
691 756 751 819 ἀπὸ
769 762 823 819 τοῦ
842 756 938 837 ἧφθαι
958 756 1179 837 ὠνομασμένος.
1210 758 1260 821 διὰ

109 864 197 921 τοῦτο
218 861 268 923 καὶ
289 862 323 923 έκ
345 861 419 928 Διὸς
434 862 482 925 καὶ
501 859 601 942 Ἥρας
617 861 740 941 έφασαυ
760 860 850 924 αὐτόν
872 884 952 927 τινες
966 859 1117 943 γενέσθαι,
1133 861 1162 925 οἱ
1177 864 1209 926 δὲ
1225 864 1258 926 έκ
1274 881 1292 941 5

108 963 202 1040 μόνης
225 965 277 1039 τῆς
300 961 408 1044 Ἥρας,
432 963 508 1026 διότι
535 967 566 1028 αἱ
593 964 711 1046 φλόγες
737 962 999 1046 παχυμερέστεραί
1022 988 1085 1030 πιος
1110 965 1199 1028 οόσαι
1226 968 1259 1030 ἑκ

108 1065 200 1144 μόνον
222 1072 275 1129 τοῦ
297 1066 383 1148 ἀέρος
399 1067 607 1147 διακαιομένου
621 1068 677 1147 τὴν
690 1068 862 1132 ι’νπόστασιν
876 1065 1104 1146 λαμβάνουσιν.
1135 1067 1259 1151 λέγεται

109 1170 141 1231 δὲ
158 1174 174 1201 “
185 1166 414 1252 κλυτοτέχνης·”
439 1173 468 1234 οί
488 1174 546 1252 γὰρ
568 1173 692 1237 πλείους
707 1172 743 1256 τᾷ
760 1169 876 1254 Ἀθηνᾷ
893 1171 942 1234 καὶ
962 1170 1003 1254 τᾷ
1026 1168 1190 1256 Ἡφαίστῳ
1206 1170 1260 1236 τὰς

108 1268 216 1352 τέχνας
232 1271 414 1348 ἀνατιθέασι,
431 1275 466 1358 τᾷ
484 1274 541 1352 μὲν
554 1270 678 1356 Ἀθηνᾷ,
694 1274 761 1337 ἐπεὶ
784 1275 935 1354 φρόνησις
956 1275 1006 1338 καὶ
1022 1275 1166 1357 ἀγχίνοια
1182 1274 1259 1337 εἶναι

108 1378 198 1451 δοκεῖ,
213 1375 254 1458 τᾷ
271 1377 304 1438 δὲ
318 1375 483 1461 Ἡφαίστῳ
498 1379 548 1439 διά
563 1382 598 1438 τό
614 1376 667 1443 τάς
683 1377 831 1444 πλείστας
846 1382 907 1442 τῶν
920 1382 1036 1460 τεχνῶν
1051 1380 1100 1440 διὸ
1115 1376 1206 1457 πυρὸς
1221 1379 1260 1438 τα
1276 1403 1312 1442 ιο

108 1480 221 1542 έαυτῶν
236 1478 310 1559 ἔργα
325 1480 502 1543 ἀποδιδόναι
519 1477 663 1564 (Cornut.
680 1478 789 1545 Theol.
804 1501 830 1542 υ.
850 1498 888 1562 19
906 1501 936 1562 p.
953 1499 995 1565 33
1011 1477 1064 1565 L.)

151 1594 225 1660 577.
249 1577 424 1668 παράφημι]
441 1587 576 1663 παραινῶ
593 1586 655 1650 A÷
793 1595 866 1663 591.
890 1578 1038 1669 τεταγιόν]
1055 1581 1178 1661 τινάξας

249 1683 326 1761 τάζω
349 1684 385 1747 τὸ
407 1687 503 1762 τείνω,
522 1686 539 1747 ό
561 1683 685 1764 μέλλων
705 1681 794 1762 τάξω,
817 1686 834 1746 ό
855 1684 951 1764 μέσος
972 1686 1189 1765 παρακείμενος
1211 1685 1261 1750 τέ-

109 1812 196 1868 ταγα,
213 1788 230 1849 ό
250 1788 387 1868 δεύτερος
407 1789 548 1866 ἀόριστος
566 1785 718 1870 ἔταγον,ἡ
741 1787 856 1870 μετοχὴ
879 1788 979 1870 ταγιόν
996 1789 1045 1853 καὶ
1060 1791 1136 1852 κατά
1157 1790 1261 1854 ἀναδι-

109 1897 308 1968 πλασιασμόν
323 1895 340 1925 “
351 1889 485 1972 τετογιίν
493 1889 509 1914 ”
1278 1915 1314 1972 15

249 1995 373 2076 ῥιφῆναι
398 1995 457 2057 ὑπὸ
486 1999 539 2056 τοῦ
569 1993 644 2060 Διὸς
674 1995 718 2060 είς
746 1996 804 2076 γῆν
835 1995 851 2056 ό
875 1992 1053 2074 Ἥφαιστος
1078 1994 1202 2079 λέγεται
1227 1995 1264 2075 ἐξ

108 2096 234 2176 οὐρανοῦ
256 2100 306 2160 δια
328 2096 363 2161 τὸ
384 2095 453 2163 τοὺς
475 2097 610 2178 πράτους
631 2099 707 2164 ἴσως
730 2095 915 2178 ἀρξαμένους
936 2101 1071 2180 χρῆσθαι
1095 2095 1197 2187 πυ]ρὶ]
1226 2101 1259 2163 έκ

109 2201 346 2280 κεραυνοβολίου
362 2196 541 2287 καιοῘμένιρ]
558 2197 704 2285 (Cornut.
720 2199 741 2263 l.
756 2222 782 2264 e.
799 2222 829 2284 p.
846 2202 904 2287 34)

152 2303 224 2368 606.
247 2304 351 2387 χωλὸς
372 2306 389 2366 ό
406 2302 585 2383 Ἥφαιστος
604 2303 729 2385 λέγεται
745 2307 795 2368 δια
809 2305 844 2368 τὸ
861 2305 903 2384 μὴ
919 2305 1066 2370 δύνασθαι
1081 2307 1260 2387 προβαίνειν

107 2407 180 2488 δίχα
201 2404 353 2484 ξυλιίδους
372 2413 454 2474 τινός
469 2406 611 2488 βάκτρου.
642 2409 721 2474 τινές
741 2406 774 2472 δέ
792 2415 882 2488 φασι,
898 2409 975 2472 διότι
989 2409 1044 2487 τὴν
1059 2409 1120 2472 άνω
1141 2411 1261 2488 κίνησιν
1276 2431 1314 2470 20

108 2514 161 2587 τῆς
177 2509 254 2573 κάτω
270 2511 345 2591 πρὸς
359 2510 414 2590 τὴν
428 2511 545 2592 τροφὴν
556 2511 665 2576 άνισον
674 2510 724 2576 καὶ
739 2511 901 2588 ἀνώμαλον
915 2516 1054 2576 ποιεῖται·
1076 2512 1262 2594 βραδυτέρας

108 2615 141 2675 δὲ
157 2612 245 2688 αὐτῆς
260 2613 352 2691 οόσης
366 2614 532 2696 χωλαίνειν
546 2612 637 2679 αι’ντάν
653 2613 775 2694 έφασαν
790 2612 937 2700 (Οοιιιιιδ.
953 2614 973 2677 l.
986 2635 1013 2678 α.
1032 2636 1062 2698 p.
1081 2634 1122 2703 33
1139 2613 1199 2702 sq.)

249 2713 450 2804 κακκείοντες]
467 2718 805 2798 κατακοιμηθησόμευοι

671 2860 704 2918 Β.

156 2975 191 3019 1.·
206 2955 247 3000 ’¹¹¹¹‘
257 2954 536 3045 (ἱπποκορυσταί>]
554 2961 583 3022 οἱ
599 2958 648 3039 ἐφ’
666 2962 767 3023 ἵππιον
782 2959 1009 3040 ὁπλιζόμενοιᾷ
1026 2963 1136 3028 ἵππους
1151 2962 1260 3045 κορόσ·
1277 2986 1313 3044 α5

110 3060 399 3126 σοντες-τουτέστι
413 3059 636 3140 πολεμικοί-ἢ
654 3063 714 3126 ἀπὸ
729 3068 790 3126 τῶν
805 3065 908 3130 ἵππων
921 3064 1088 3146 μαχόμενοι

154 3162 182 3226 8.
205 3163 295 3230 οὖλος
317 3166 459 3242 σημαίνει
480 3162 517 3228 δ’·
548 3171 601 3228 τόν
616 3165 788 3246 ὁλόκληρον
805 3170 824 3202 “
837 3165 1064 3247 άρτον-οάλον
1080 3169 1159 3232 ἑλὼν
1176 3163 1261 3255 [έπέ-

109 3292 192 3346 νειμε
211 3263 356 3354 τραπέζῃ]
367 3266 385 3291 ”
403 3265 478 3352 (Οά.
498 3284 547 3348 17.
568 3265 648 3354 343)
663 3269 713 3332 καὶ
736 3268 789 3333 τάν
810 3269 957 3350 μαλακόν,
973 3270 1014 3337 ὥς
1033 3271 1069 3334 τὸ
1085 3275 1103 3306 “
1116 3271 1214 3336 οὔλιον
1228 3296 1261 3336 τε

109 3368 249 3449 ταπήτων
259 3369 278 3395 ”
301 3367 356 3456 (ΙΙ.
384 3371 433 3434 16.
458 3378 537 3456 224)
560 3370 609 3435 καὶ
638 3377 692 3437 τόν
721 3370 868 3453 ὀλέθριον,
895 3372 935 3440 ὥς
964 3373 999 3436 τὸ
1025 3378 1041 3407 “
1054 3374 1144 3439 οὖλος
1167 3372 1262 3453 Ἀρης

109 3475 219 3553 ὤτρυνε
232 3473 411 3552 μετελθόν”
424 3471 478 3558 (Il.
491 3489 521 3555 5.
533 3472 613 3559 461)
623 3477 671 3539 καὶ
686 3474 740 3540 τὸν
755 3474 1030 3559 συνεστραμμένον,
1047 3476 1087 3543 ὧς
1102 3475 1136 3540 τδ
1148 3476 1262 3559 “γυρὸς
1275 3501 1315 3558 30

108 3578 142 3640 έν
157 3576 285 3656 ὤμοισιν
299 3576 506 3660 μελανόχροος
522 3576 724 3656 οὐλοκάρηνος
733 3577 752 3601 ”
768 3576 844 3664 (Od.
864 3597 913 3659 19.
931 3576 1009 3665 246)
1026 3584 1088 3648 A÷

154 3699 204 3742 11.
229 3677 366 3767 έ]αθτόν
499 3699 547 3745 12.
571 3677 736 3768 πανσυδίῃ]
754 3683 943 3765 πανστρατιᾷ
1018 3710 1022 3715 ·

250 3782 292 3827 **
304 3783 340 3846 τὸ
354 3783 454 3849 “νΰν”
470 3788 561 3862 δηλοῖ
574 3785 704 3866 χρόνους
718 3789 808 3865 τρεῖς·
832 3787 990 3862 ένεστῶτα,
1005 3785 1045 3853 ὣς
1060 3785 1094 3850 τό
1109 3792 1126 3820 “
1137 3790 1190 3850 νῦν
1204 3788 1261 3868 μέν

108 3891 256 3968 πειρᾶται,
271 3886 350 3969 τάχα
365 3885 392 3951 δ’
406 3890 511 3969 ἴψεται
531 3889 598 3955 νίας
622 3883 756 3971 Ἀχαιῶν
764 3885 780 3912 ”
797 3887 852 3975 (Π.
870 3907 898 3954 2.
918 3885 1003 3973 193)·
1026 3893 1116 3969 δηλοῖ
1134 3891 1183 3954 καὶ
1206 3891 1260 3956 τὸν

109 3992 287 4070 ἐληλυθότα,
301 3991 341 4058 ὧς
354 3991 390 4054 τὸ
407 3996 424 4026 “
436 3995 489 4057 νῦν
503 3990 764 4070 μὲν-Μενέλαος
780 3993 920 4072 ἐνίκησεν
935 3993 991 4057 σὺν
1005 3991 1119 4079 Ἀθήνη
1128 3991 1146 4017 ”
1163 3989 1215 4079 (ll.
1229 4014 1259 4078 3.
1273 4018 1312 4080 35

107 4093 199 4180 439)·
223 4094 363 4175 σημαίνει
382 4094 431 4158 καὶ
445 4094 498 4158 τὸν
512 4093 674 4176 μέλλοντα,
692 4094 732 4161 ὡς
754 4094 789 4158 τὸ
811 4100 830 4131 “
841 4098 894 4159 νῦν
908 4097 964 4175 μὲν
986 4095 1136 4181 έγχεί<η>
1154 4095 1259 4180 πειρή-

109 4195 228 4279 σομαι”
245 4196 299 4285 (Il.
315 4210 346 4279 5.
364 4195 440 4283 279)
456 4202 544 4268 1134
962 4184 968 4193 ¹

154 4320 204 4378 14.
228 4299 370 4365 ἀθάνατοι
392 4300 571 4386 φράζονται]
594 4302 624 4366 οἳ
646 4305 703 4381 μὲν
725 4302 799 4383 ιἰπὶρ
813 4298 985 4380 Ἑλλήνων,
1008 4301 1036 4365 οἳ
1057 4302 1090 4366 δέ
1109 4303 1185 4384 ὑπὲρ
1199 4307 1260 4369 τῶν

107 4405 221 4487 Τρώιον
235 4409 298 4477 A÷

144 4528 182 4578 ¹4·
198 4515 284 4565 διυιο
299 4514 381 4580 ταγάν
392 4516 464 4566 omisi
482 4522 492 4577 ΙΙ
513 4530 551 4569 οι.
568 4516 600 4579 τῇ
616 4533 638 4564 κ.
651 4516 714 4565 οοιιί.
726 4515 885 4567 Studemund
903 4520 914 4575 ΙΙ
934 4518 1023 4581 α7,18.
1041 4517 1144 4569 incluti:
1162 4520 1258 4581 om.'A‚

107 4580 266 4643 reputamus
277 4581 305 4629 ίκ
314 4579 411 4630 κανέοιο
422 4582 493 4631 οοιίά.
508 4583 555 4633 Οά.
574 4586 584 4640 ΙΙ
603 4580 642 4642 36.
661 4578 768 4648 νθνιαῦό
779 4581 851 4632 οοάἀ.
864 4580 897 4630 11.
