3000 5040
595 286 857 354 PRAEFATIO.
1244 281 1304 351 xiii

153 462 227 548 δι’τη
257 463 345 538 ΤΞ.
391 462 418 564 δ.
448 464 531 535 ἔοικε
561 461 595 534 δέ
625 462 789 547 Διομήδης
818 461 989 545 ἐπιθυμίας
1018 457 1086 545 ἅμα
1117 460 1168 530 καὶ
1201 463 1304 544 θυμοῦ

151 592 293 681 κρατεῖν,
301 581 428 680 Ἀρεος
443 580 496 652 καὶ
513 578 722 680 Ἀφροδίτης
740 578 809 653 ΤΞ

205 722 287 796 337.
314 697 505 798 ἆβληχρήν]
529 697 684 798 βληχρδν
708 698 752 771 τὸ
775 697 913 795 ι’σχυρδν
938 698 991 768 καὶ
1018 700 1172 794 στερήσει
1199 696 1304 768 τοῦα

153 815 340 916 ἆβληχρύν.
375 818 405 889 οἳ
432 815 466 888 δέ
490 816 552 900 τήν
577 820 730 903 εύιύνυμον
755 817 894 889 ἐνταῦθα
921 825 1016 913 χεῖρα
1034 813 1127 887 Τ-.
1162 811 1192 913 ή
1209 810 1252 885 τύ
1270 812 1304 884 δέ

154 942 174 973 “
185 931 277 1030 εἶθαρ
287 930 303 960 ”
322 934 352 1005 οἳ
369 932 428 1018 μέν
444 932 488 1006 τύ
506 934 603 1021 εύθύς,
622 935 652 1005 ού
671 932 706 1005 δέ
722 931 765 1006 τὸ
783 935 856 1003 κατ’
875 933 938 1018 ι’θύ,
957 931 975 1004 δ
992 931 1045 1002 καὶ
1063 928 1193 1014 ἄμεινον
1209 929 1302 1003 Τ-.
1319 951 1336 1011 5

153 1047 177 1149 θ.
195 1060 215 1090 “
227 1048 459 1148 ἆντετύρησε”
476 1050 511 1123 δέ
527 1050 588 1122 πδν
605 1051 694 1149 χρόα
712 1049 867 1134 δηλονότι
886 1047 1054 1147 διέτρησεν
1072 1046 1143 1120 ΤΞ

206 1171 289 1261 338.
316 1162 462 1265 πέπλου]
483 1169 535 1239 καὶ
558 1173 625 1244 πῶς
644 1166 744 1239 αύτδν
771 1166 1008 1266 προβάλλεται
1030 1164 1155 1264 (315);
1182 1167 1245 1263 ούχ
1266 1171 1306 1243 ὡς

156 1281 317 1382 ἄτρωτον,
335 1282 412 1355 αλλ’
429 1287 470 1362 ὡς
487 1286 645 1383 ἆφανεύας
663 1285 845 1370 ποιητικόν.
881 1282 1046 1369 Διομήδης
1064 1281 1098 1355 δέ
1114 1286 1177 1382 ύρᾷ
1195 1286 1305 1369 αύτήν,

155 1399 219 1471 ύπδ
236 1400 378 1484 Ἀθηνᾶς
395 1403 644 1500 συνεργούμενοι
661 1400 733 1475 ΤΞ

207 1541 290 1611 339.
317 1517 477 1617 πρυμνόν]
500 1518 581 1616 ύπέρ
603 1517 647 1591 τδ
667 1520 816 1616 ἔσχατον
837 1525 901 1591 τοῦ
927 1519 1060 1617 θέναρος
1077 1520 1121 1592 εἷς
1142 1518 1203 1601 τήν
1220 1516 1305 1616 πρὸς
1322 1544 1358 1584 ιο

153 1641 214 1716 τδν
230 1642 357 1740 καρπδν
374 1640 563 1740 συνύφειαν.
599 1643 696 1740 θέναρ
714 1642 748 1715 δὲ
765 1641 808 1716 τὸ
825 1652 883 1727 τῆς
900 1640 1010 1742 χειρὸς
1026 1651 1141 1715 κοῖλον
1159 1641 1231 1716 ΤΞ

302 1755 371 1858 ῥέε]
383 1761 739 1860 καταχρηστικιύτερύν
755 1762 829 1832 ἔστι
847 1758 890 1832 πδ
909 1770 929 1801 “
938 1762 1021 1858 ῥέε,”
1036 1763 1075 1838 ὡς
1091 1759 1134 1832 πδ
1153 1769 1175 1798 “
1187 1760 1303 1860 νέκταρ
1398 1830 1403 1837 ,

153 1876 328 1974 ε’ῳνοχύει”
348 1873 405 1974 (ll.
426 1901 458 1971 3·
482 1880 528 1972 3).
564 1875 591 1976 ᾗ.
609 1879 714 1973 ἰχῶρα
733 1875 767 1949 δέ
784 1877 877 1971 λέγει
895 1878 959 1971 ούχ
975 1873 1044 1948 οἷον
1057 1881 1144 1960 ἡμεῖς
1162 1875 1304 1963 οἴδαμεν,

152 1993 232 2065 ἄλλ’
259 1992 363 2077 ἄλλης
390 1993 478 2072 τινὸς
505 1996 617 2072 ούσιάς
645 1992 738 2094 παρὰ
768 1993 812 2067 τδ
842 1991 934 2077 αἷμα.
971 1992 1020 2065 διδ
1050 1994 1101 2066 καὶ
1133 1996 1303 2089 έπήγαγεν

154 2110 255 2188 “οἶύς
271 2112 334 2211 πέρ
353 2144 391 2184 τε
406 2112 469 2208 ῥέει
488 2108 674 2211 μακάρεσσι
694 2113 848 2184 θεοῖσιν”
866 2110 937 2184 ΤΞ
1321 2126 1356 2184 ¹5

206 2251 289 2321 341.
317 2230 353 2300 ού
378 2227 446 2327 γὰρ
477 2239 573 2302 σῖτον
603 2226 726 2327 ἔδουσι]
755 2229 807 2300 καὶ
833 2229 894 2312 μήν
920 2226 1037 2300 πολλὰ
1062 2235 1127 2302 τῶν
1154 2227 1241 2329 ζῴων
1268 2231 1304 2301 ού

92 2385 94 2389 ·
153 2357 251 2418 σῖτον
274 2344 409 2429 ἔδουσιν,
436 2349 491 2418 ούκ
518 2345 603 2419 οἶνον
630 2347 770 2434 πίνουσι,
796 2345 849 2417 καὶ
875 2349 950 2419 ούπε
973 2345 1092 2432 ἄναιμα
1119 2350 1195 2420 οὔτε
1222 2344 1304 2419 ἆθύ-

154 2461 237 2536 νατύ
276 2467 369 2537 εἰσιν.
413 2464 461 2537 δεῖ
496 2466 604 2537 τοίνυν
642 2465 904 2563 προσυπακούειν
938 2471 987 2556 τῷ
1021 2473 1041 2504 “
1056 2463 1216 2537 πένουσι”
1249 2464 1302 2536 καὶ

155 2590 174 2620 “
184 2579 290 2652 ἔδουσι
299 2582 319 2608 ”
351 2581 562 2679 “ιἰμβροσιάν
594 2580 647 2651 καὶ
676 2582 813 2678 νέκταρ,’
840 2580 909 2652 οἷον
939 2583 1000 2653 “ού
1029 2582 1177 2652 πένουσιν
1204 2579 1302 2669 οἶνον,

153 2695 244 2768 ἆλλᾶ
263 2698 391 2796 νέκταρ,
410 2699 465 2769 ούκ
481 2696 589 2769 ἔδουσι
607 2706 714 2782 σῖτον,
733 2697 809 2769 ἁλλ’
830 2698 1036 2796 ἆμβροσέαν’
1058 2696 1131 2770 ΤΞ
1318 2721 1356 2761 20

206 2838 289 2909 342.
317 2812 498 2914 ἆναέμονες]
537 2813 761 2899 “ἆναι’μονες”
800 2815 870 2900 μέν,
913 2813 982 2885 ἐπεὶ
1026 2816 1063 2886 ού
1104 2815 1302 2913 τρέφονται,

154 2932 372 3006 “ἆθύνατοι”
399 2933 442 3017 δέ,
480 2934 550 3005 ἐπεὶ
586 2933 762 3015 ἆναέμονες.
799 2934 817 3002 ὁ
845 2929 913 3028 γὰρ
942 2927 1084 3008 θύνατος
1115 2930 1215 3028 ψύξει
1242 2939 1305 3004 τοῦ

154 3057 275 3150 θερμοῦ
291 3052 417 3145 γίνεται
436 3050 508 3124 ΤΞ

207 3192 290 3262 344.
312 3167 397 3255 μετὰ
415 3165 546 3266 χερσίν]
565 3167 582 3252 ή
601 3171 643 3262 τῇ
659 3165 745 3253 μετὰ
767 3168 865 3265 χερσὶ
892 3168 1025 3266 νεφέλη,
1043 3167 1061 3251 ή
1079 3174 1213 3268 πρῶτον
1230 3180 1304 3248 ταῖς

154 3288 280 3385 χερσέν,
298 3288 413 3358 ἔπειτα
430 3291 473 3382 τῇ
493 3287 614 3384 νεφέλη
632 3285 703 3358 ΤΞ
1320 3306 1356 3364 25

206 3405 288 3497 348.
315 3403 387 3489 εἷκε,
420 3403 499 3481 Διὸς
533 3401 694 3503 θύγατερ]
724 3402 1031 3503 προπαρασκευάζει
1066 3403 1153 3496 (τὸ)
1189 3407 1303 3490 μηκέτι

154 3528 293 3619 φανῆναι
312 3523 420 3609 αύτήν,
438 3521 517 3605 μηδὲ
533 3523 565 3592 έν
582 3529 625 3618 τῇ
642 3523 817 3619 Θεομαχύηι
834 3519 905 3593 ΤΞ

206 3661 291 3732 352.
317 3634 478 3735 ἁλύουσα]
503 3639 598 3710 λύσιν
617 3641 680 3735 ούχ
701 3641 894 3736 εύρέσκουσα
921 3644 986 3712 τῶν
1012 3645 1123 3712 κακῶν·
1156 3639 1206 3714 διδ
1232 3641 1305 3714 ούδέ

155 3756 348 3853 φθέγγεται
361 3753 391 3827 Τ
403 3791 450 3829 Ξ.
482 3754 509 3855 δ.
531 3753 704 3849 ψιλωτέον
718 3754 752 3827 δέ
769 3753 812 3828 τὸ
830 3757 1034 3829 “ἆλύουσα·”
1052 3756 1143 3854 παρὰ
1162 3756 1230 3855 γὰρ
1244 3759 1304 3841 τήν

154 3872 236 3957 ὅλην
254 3873 394 3966 γέγονεν
411 3870 482 3952 Τ-Ι-
1319 3892 1358 3949 30

207 4012 288 4084 353.
309 3986 407 4087 Ἶρις]
431 3993 471 4064 ὡς
495 3995 605 4068 κοινῶς
632 3986 739 4063 ἅπασι
772 4000 843 4069 τοῖς
871 3995 956 4070 θεοῖς
984 3994 1191 4091 ὑπηρετοῦσα
1219 3993 1238 4076 ή
1265 3995 1305 4069 ὡς

153 4108 288 4206 έριυτική
305 4105 376 4186 Τ-Ι-

207 4225 289 4319 356.
315 4221 480 4322 ε’κέκλιτο]
500 4222 569 4296 ἆπδ
587 4231 648 4296 τοῦ
664 4225 761 4297 κλένια
778 4235 855 4299 κτλ.
875 4224 938 4300 ΒΤ
949 4261 977 4285 Ξ

197 4430 224 4486 3.
244 4411 549 4485 δβληχρὸντὸιααὶοΤ
572 4418 583 4482 ΙΙ
608 4432 635 4484 4.
656 4411 723 4469 0²oe
738 4409 778 4468 T:
800 4407 896 4467 οἷδιδὶ
919 4417 930 4481 ΙΙ
956 4426 982 4486 5.
1005 4410 1071 4485 ταχύ
1084 4431 1137 4489 pro
1151 4411 1301 4484 ιύθύεΤΙΙ

155 4493 389 4634 ὃὶὲύτήνλθὶη
411 4493 452 4554 T:
479 4491 657 4552 αύπένυύΤ
693 4501 704 4562 ΙΙ
747 4509 790 4550 11.
813 4494 918 4567 θέναρος
937 4491 970 4565 Τ,
987 4517 1030 4550 ·αν
1068 4500 1079 4564 ΙΙ
1123 4497 1167 4553 26.
1190 4497 1303 4570 θυγάτηρ

154 4593 172 4632 u
