3000 5040
234 240 255 300 2
637 243 809 304 1A1AA02
833 243 873 305 N.
895 237 984 326 (ιο)

287 407 413 512 *θιζύν]
430 410 498 501 θίζω
519 410 613 501 οἰζύω.

609 526 619 555 Ι
640 538 661 569 ιι

99 543 154 591 A·
165 542 220 591 13-
288 557 318 623 3.
345 530 438 601 πάλιν
455 526 572 627 τρέπεν]
588 560 622 601 το
672 531 765 600 πάλιν
774 527 794 558 ”
811 530 866 617 την
888 526 948 601 άπδ
975 535 1029 600 τοῦ
1054 526 1150 604 εύθέος
1172 523 1394 624 μεταστροφηυ

402 642 417 671 2

236 645 332 734 δηλοῖ,
364 657 472 721 “οσσε
502 649 594 719 πάλιν
618 643 776 719 κλίνασα”
804 644 859 746 (ΙΙ.
889 675 920 740 3.
947 645 1040 745 427).
1081 638 1108 718 οδ
1135 643 1177 733 δέ,
1207 643 1264 716 άνδι
1297 643 1393 738 με’ρος

238 757 365 835 Μυσίαν
394 760 446 837 καί
476 762 598 862 Θρηίκην
627 765 706 860 ὁρῶν·
740 762 808 835 ἔστι
842 764 873 836 δὲ
902 760 953 835 καὶ
983 771 1070 835 τούτο
1101 761 1223 849 σύνηθες
1255 759 1392 857 Ὁμήρῳ,

238 882 361 952 “πάλιυ
377 880 486 971 ποίησε
511 881 663 978 ’ρέροντα”
685 879 765 978 (ΟιΙ.
787 889 836 955 16.
854 880 946 980 456)
978 878 1030 952 καὶ
1044 878 1087 960 είς
1106 874 1249 965 τούπίσω,
1273 885 1295 919 “
1307 873 1393 972 χειρί
1409 898 1429 959 5

235 997 327 1068 πάλιν
345 997 512 1094 ε’ρύσοισα”
533 996 587 1098 (ΙΙ.
613 1022 648 1090 5.
674 997 766 1097 836)
792 996 844 1070 καὶ
871 997 1016 1084 ε’ναντίως,
1038 995 1137 1069 *Ιούδέ
1162 999 1257 1068 πάλιν
1282 989 1390 1091 ἔρεέι”

238 1109 293 1211 (ΙΙ.
313 1144 343 1204 9.
363 1114 434 1214 56).

197 1263 220 1285 ·
289 1228 370 1305 *θτι
397 1233 477 1306 ούδέν
501 1229 661 1331 οἷθεοίρητον
685 1240 726 1332 τῷ
752 1233 932 1332 δημιουργῷ.
960 1229 987 1331 φ.
1007 1229 1041 1303 τδ
1067 1230 1099 1304 δὲ
1118 1227 1228 1303 “ίσσε
1250 1224 1387 1320 φαεινά”

197 1383 219 1404 ·
238 1346 290 1448 (7)
309 1349 350 1422 δι’
374 1343 410 1421 άν
427 1347 542 1423 δίδοται
560 1359 624 1432 τοῖς
640 1352 728 1448 ὁρῶσι
747 1348 781 1423 τδ
799 1352 888 1441 φάος.

865 1475 880 1492 ι.
946 1458 1313 1537 κςηοιννοδιυιιι

285 1495 318 1557 4.
345 1464 396 1560 ἔφ’
419 1464 602 1565 ἱπποπόλων]
619 1464 646 1540 οἳ
671 1468 727 1559 μὲν
747 1498 900 1565 περισσως
925 1498 979 1554 την
1025 1498 1089 1555 επο,
1130 1497 1156 1538 οι
1197 1497 1277 1541 εεπι
1296 1495 1393 1537 ιππων
1413 1495 1452 1535 ιο

236 1584 431 1678 πολουμένων,
449 1580 475 1657 οἳ
493 1580 524 1657 δὲ
542 1580 633 1678 ὄνομα
650 1582 754 1665 ἔθνους.
771 1581 843 1683 φτδ
861 1583 892 1657 δὲ
910 1594 929 1624 “
944 1582 1086 1681 ὅρύμενος
1101 1583 1122 1615 ’”
1140 1579 1208 1656 άντί
1225 1591 1277 1656 τοῦ
1295 1585 1374 1681 ὅρῶν.

288 1726 319 1795 5.
347 1699 511 1801 *Μυσῶν]
529 1701 607 1782 τινὲς
626 1710 680 1772 τῶν
698 1701 726 1774 ἓν
740 1698 927 1798 Μακεδονίᾳ.

199 1857 222 1872 ··
289 1816 340 1891 καί
358 1815 512 1918 Ἀγοιυῶν]
527 1815 654 1913 Ἀγαυοὶ
672 1813 762 1912 θνομα
779 1817 889 1901 ἔθνους·
916 1813 1023 1898 ίππους
1046 1817 1078 1890 δὲ
1101 1817 1290 1913 οἷμίλγοντες
1312 1812 1394 1891 οὗτοι

239 1945 281 2036 τῷ
296 1938 433 2033 γάλακτι
452 1935 621 2035 ἔτρίφοντο.
661 1936 836 2033 Δημήτριος
854 1936 886 2008 δὲ
903 1934 1036 2031 ἀγαυούς
1052 1934 1123 2017 πούς
1140 1934 1271 2016 εύειδεῐς.

199 2097 222 2112 ..
290 2063 321 2130 6.
347 2052 370 2094 ⁴*
382 2055 608 2150 γλακτοφάγων
625 2052 740 2137 Ἀβίων
752 2085 787 2126 τε
802 2054 994 2126 δικαιοτάτων
1008 2048 1289 2152 άνθρύτων]”Αβιοι
1304 2049 1395 2138 ἔθνος,
1413 2080 1450 2145 15

239 2172 268 2245 οἷ
282 2169 522 2267 γαλακτοπύται.
550 2169 629 2253 τονδς
646 2171 769 2254 τούτους
784 2173 956 2268 Σαρμάτας
972 2169 1081 2262 φασίν.

199 2330 221 2345 -
288 2286 417 2387 Ἀβίων]
433 2291 548 2361 πάντων
571 2297 690 2361 Σκυθῶν
713 2288 923 2375 ύποκυφάυτων
938 2287 1125 2387 Ἀλεξάνδρῳ
1141 2285 1246 2383 μάνους
1262 2284 1393 2372 Ἀβίους

239 2402 337 2499 φασίν
361 2405 418 2502 οὔχ
436 2405 567 2491 ὑπεῖξαι,
584 2403 669 2501 μάνου
686 2406 718 2478 δὲ
736 2405 995 2499 ἐπισκεψομένους
1016 2406 1070 2495 την
1087 2407 1189 2503 ψυχὴν
1214 2413 1266 2477 τοῦ
1291 2404 1395 2492 άνδρδς

240 2524 531 2624 ἐπικηρυκεύσασθαι
557 2524 631 2620 πρδς
653 2523 752 2598 ου’τύν.
805 2521 855 2607 οδς
881 2525 1088 2607 δικαιοτάτους
1107 2520 1190 2618 φησί
1208 2525 1258 2597 διδι
1275 2522 1309 2597 πδ
1327 2525 1395 2598 οἷνε-

239 2643 390 2736 πίμικτον,
401 2643 439 2723 ὦς
451 2642 503 2715 καί
517 2652 535 2681 “
544 2641 728 2732 Αἶθιοπῆας”
737 2639 791 2742 (ΙΙ.
803 2670 829 2717 1.
838 2642 930 2742 423),
943 2641 961 2733 ἢ
976 2643 1022 2716 θτι
1033 2642 1085 2714 ούκ
1095 2641 1245 2731 ἦθέλησαυ
1259 2674 1395 2738 συστρα·
1410 2673 1451 2714 20

237 2768 345 2833 τεῗνσαι
362 2758 530 2853 Ἀμαζοίσον
548 2762 591 2839 εἷς
607 2760 727 2833 Ἀσίαν.
755 2758 780 2859 φ.
799 2770 862 2842 πῶς
874 2759 906 2832 δὲ
925 2759 1003 2834 ούδέν
1019 2758 1087 2858 περί
1104 2761 1200 2832 αὐτῶν
1216 2755 1317 2842 εἶπενς
1341 2754 1395 2832 καί

237 2878 298 2976 ιρδιρ
312 2877 376 2950 ούδέ
388 2874 454 2972 περὶ
473 2885 524 2949 τοῦ
538 2877 727 2949 δικαιοτάτου
744 2887 800 2948 τῶν
822 2876 993 2973 Κενταύρων
1004 2877 1060 2976 (ΙΙ.
1071 2905 1118 2955 12.
1129 2877 1218 2977 832),
1238 2877 1303 2951 οὐδὲ
1325 2874 1394 2976 περὶ

239 3002 292 3067 τοῦ
309 2993 466 3089 κερδίστου
483 2995 625 3087 Σισύφου
644 2992 699 3091 (ΙΙ.
718 3002 749 3066 6.
773 2992 863 3092 153).

198 3155 224 3172 ··
288 3109 416 3210 Ἀβίων]
439 3121 495 3183 τῶν
519 3112 649 3204 νομάδων
674 3120 801 3201 Σκυθῶν,
820 3112 882 3185 ίθεν
907 3110 959 3184 καὶ
977 3115 992 3186 ὅ
1008 3111 1197 3211 Ἀνάχαρσίς
1218 3113 1317 3187 ε’στιν·
1343 3108 1394 3194 οδς

240 3230 276 3320 δή
293 3242 374 3321 φησι
392 3229 600 3309 δικαιοτάτους
617 3223 690 3302 εἶναι
709 3233 854 3316 ἁπάντων,
872 3229 918 3302 ίτι
937 3230 1048 3313 κοινούς
1074 3229 1179 3327 ἔχουσι
1205 3229 1319 3310 παῖδας
1340 3225 1393 3301 καί
1410 3257 1451 3318 25

239 3357 385 3445 γυναῖκας
399 3344 451 3418 καί
468 3346 509 3418 τδο
527 3348 625 3418 πάντα
642 3347 720 3435 πλὴν
741 3347 848 3435 ξίφους
866 3345 917 3419 καί
943 3347 1093 3445 ποτηρίου.
1123 3347 1239 3429 τούτοις
1256 3347 1288 3420 δὲ
1304 3346 1396 3418 αύτο-

238 3469 346 3560 μάτως
358 3467 377 3552 ἡ
388 3475 430 3560 γῆ
441 3463 509 3549 βίον
522 3465 607 3562 φέρει
623 3463 701 3536 ούδέν
715 3497 745 3536 τι
760 3473 828 3565 ζῷον
840 3459 1001 3538 ε’σθίουσιν·
1020 3465 1143 3547 τούτους
1156 3464 1318 3561 Αἰσχύλος
1332 3471 1396 3537 Γα-

239 3581 328 3668 βίους
338 3580 433 3675 φησίν
449 3581 500 3681 (fr.
512 3610 572 3676 190
581 3581 652 3680 Ν.)
671 3577 770 3666 Ἄβιοι
784 3584 814 3655 δὲ
829 3583 998 3672 ἐκλήθησαν
1008 3580 1026 3671 ἦ
1037 3583 1118 3678 παρδι
1129 3581 1177 3654 τδν
1187 3581 1280 3673 βίονῆ
1291 3583 1387 3674 (τὴν)

240 3693 376 3792 βία<ν>,
395 3697 414 3787 ἢ
432 3697 500 3794 άμα
525 3706 585 3799 βιῷ
603 3696 801 3796 πορευθμενοι,
818 3698 837 3789 ἢ
855 3699 899 3773 θοι
918 3698 1023 3773 άοικοι·
1045 3696 1072 3773 οἳ
1089 3700 1132 3790 δέ,
1150 3700 1196 3773 ίτι
1217 3698 1395 3798 μακρίβιοι·

241 3817 368 3912 λέγουσι
378 3815 417 3888 δὲ
434 3815 544 3898 αύτοδς
560 3815 630 3897 τοὺς
649 3815 749 3899 θδίτας
767 3819 934 3914 τρέφοντας
950 3816 1044 3890 ἄλλον
1060 3817 1146 3916 άλλρ
1162 3816 1351 3913 διαπέμπειν.
1410 3848 1454 3909 30

293 3960 324 4026 7.
351 3932 374 3975 ΙΙ
386 3933 418 4006 ού
434 3932 578 4035 πάμπαν]
595 3935 659 4008 ούδέ
677 3935 763 4017 ίλως.

202 4107 224 4128 .
294 4061 325 4125 8.
354 4048 418 4124 *οὗ
435 4053 495 4148 γδρ
513 4053 533 4124 ί
544 4051 596 4151 γε]
613 4055 842 4148 Ἀριστοφάνης
859 4060 878 4089 “
890 4052 922 4126 ού
939 4053 1000 4150 γδιρ
1019 4051 1095 4128 {uf

293 4197 324 4263 9.
353 4168 459 4266 *πρδς
476 4168 511 4242 τδ
531 4169 591 4243 “δν
607 4171 633 4243 δ’
649 4168 687 4242 ἂν
706 4170 779 4267 ε’γδνν
796 4171 939 4245 άπάνευθε
958 4179 1025 4244 θεῶν
1035 4171 1054 4196 ”
1073 4170 1130 4268 (ΙΙ.
1155 4198 1181 4245 1.
1199 4167 1290 4268 549).

284 4329 309 4368 2.
326 4311 417 4368 εὒθέωο
430 4310 457 4368 Α
471 4324 480 4377 ΙΙ
500 4331 527 4386 3.
536 4315 564 4368 ἐκ
577 4314 696 4384 δευτέρου
707 4333 759 4390 pro
771 4315 817 4369 ἇυὰ
830 4315 907 4387 με’ρος
920 4314 945 4371 Β
961 4326 972 4380 ΙΙ
988 4333 1032 4389 13.
1044 4313 1132 4373 schol.
1148 4313 1166 4375 l.
1182 4332 1215 4370 11
1227 4311 1368 4370 adhaeret
1381 4323 1391 4378 [Ι

245 4411 290 4463 14.
312 4397 342 4448 τὸ
361 4396 429 4467 γάλα
443 4392 469 4451 Β
494 4407 504 4459 ΙΙ
532 4410 577 4468 15.
595 4395 686 4461 Ἀβιοι
700 4393 802 4471 scripsi
817 4396 853 4454 cf.
869 4395 916 4454 Et.
933 4395 973 4453 M.
988 4415 1009 4454 ο.
1020 4417 1046 4454 ν.
1064 4401 1166 4465 matr„
1182 4399 1301 4453 Λυετῖυεε
1318 4393 1393 4453 coni.

241 4473 365 4544 Bekker,
379 4475 490 4548 Ἰάζυγετ
501 4475 536 4532 W
546 4496 580 4534 ex
595 4476 692 4536 Strab.
708 4480 781 4552 306:
797 4483 913 4543 λαητῑνες
929 4491 939 4546 ΙΙ
961 4480 1004 4536 16.
1021 4481 1174 4551 Σπαρμάταε
1184 4476 1220 4547 A,
1231 4479 1365 4547 Σπλμάτωι·
1381 4487 1393 4544 Ι

244 4558 291 4613 18.
303 4559 380 4625 μόνον
391 4555 426 4613 B:
438 4560 517 4628 μόνως
530 4569 540 4623 ΙΙ
556 4560 602 4630 26,
616 4574 661 4632 πη.
673 4558 848 4630 αὐτόματοοΒ
861 4571 871 4625 ιι
888 4575 935 4636 27.
946 4562 1007 4618 οὐδέ
1016 4585 1041 4618 τι
1053 4559 1081 4619 Α
1093 4571 1104 4626 ιι
1119 4562 1165 4619 28.
1177 4556 1311 4637 supplevi
1321 4557 1396 4618 οιΑ

243 4648 254 4703 ΙΙ
274 4655 320 4712 29.
334 4642 385 4714 βιῷ
398 4642 517 4695 τουτέστι
531 4641 601 4716 τόξῳ
615 4639 715 4699 Eust.:
730 4647 795 4706 βοῶν
805 4645 840 4699 ηδ
855 4640 882 4700 Α
