3000 5040
219 255 284 319 τοι
631 252 872 335 ιλικιιονζο.
895 251 960 340 (4)

217 424 350 505 Ἀθηνᾶς
365 425 432 512 νικᾷ
447 428 485 491 τδ
502 425 609 492 πάντα·
632 425 832 510 ύποστρίφων
845 427 878 489 δέ
894 423 1081 504 πεντήκοντα
1095 424 1222 488 νεανίας
1245 418 1381 501 ἐνεδρεύ-

219 554 307 598 οντας
323 529 413 594 αὐτὸν
429 531 599 610 συλλαβὼν
613 530 791 596 ἀπέκτεινεν
804 530 869 600 Α-Ι-

262 649 336 717 379.
359 630 523 722 λίσσοντο]
539 633 608 700 τοὺς
624 634 814 713 Μυκηναίους
911 625 1098 717 ἐπικούρους]
1114 627 1185 710 ἤτοι
1201 627 1383 710 συμμαχίαν

263 738 336 821 384.
358 733 456 825 Τυδῆ]
472 736 539 816 ἤτοι
554 737 608 802 τδν
621 737 721 801 Τυδέα

188 849 206 909 5
264 840 337 925 387.
361 841 430 906 ούδέ
446 840 543 920 ξεῖνός
559 867 615 924 περ
631 837 704 928 ἐάν]
722 832 830 919 καίπερ
844 837 991 917 πολέμιος
1005 836 1149 919 ύπάρχων
1165 857 1229 899 ree.

264 963 337 1029 391.
362 944 499 1025 κέντορες
513 942 628 1032 ἵππων]
648 946 769 1008 ίππικοί
855 962 929 1028 394.
953 937 1132 1029 Αἱμονίδης]
1151 939 1220 1007 υίδς
1236 941 1374 1018 Αἵμονος

261 1066 337 1125 404.
361 1047 462 1130 σάφα]
478 1049 611 1130 ἀκριβῶς

261 1169 334 1227 412.
360 1147 462 1238 τέττα]
478 1152 698 1233 προσφώνησις
713 1149 852 1232 τιμητικη
868 1147 1013 1230 νεωτέρου
1035 1149 1129 1228 φίλου
1144 1145 1223 1228 πρὸς
1245 1144 1381 1209 παλαιά-

217 1279 304 1336 τερον

169 1375 205 1415 10
261 1376 336 1435 421.
359 1357 432 1447 ύπό]
449 1359 500 1440 ὑφ’
517 1359 552 1424 οδ
567 1357 644 1444 ἤχου
660 1362 711 1424 καί

261 1479 336 1539 424.
361 1459 557 1551 κορύσσεται]
575 1468 758 1544 κορυφοῦται
772 1461 894 1541 αὔξεται

260 1576 335 1644 425.
359 1563 465 1654 ἄκρας]
484 1565 549 1645 ἤτοι
564 1569 602 1630 τδ
617 1567 767 1647 άκρότατα

260 1687 335 1751 431.
360 1666 564 1757 σημάντορας]
580 1670 649 1736 τοὺς
663 1670 815 1751 ἡγεμόνας

261 1782 336 1856 435.
359 1770 533 1860 μεμακυῖαι]
549 1774 732 1852 μηκύμεναι·
751 1774 831 1854 μηκὴ
846 1770 904 1855 γάρ
920 1773 1006 1836 ἐστιν
1020 1775 1115 1857 αίγῶν
1128 1772 1190 1853 βοι]
1207 1774 1279 1835 Α-

167 1893 203 1954 ι5
260 1892 335 1958 439.
357 1876 426 1942 τοὺς
440 1875 608 1957 μέν-τοὺς
623 1873 670 1964 δέ]
687 1876 755 1944 τοὺς
768 1876 986 1958 Τρῶας-τοὺς
997 1874 1154 1955 Ἕλληνας

260 1998 335 2058 440.
358 1977 484 2068 ἄμοτον]
501 1980 619 2062 δμάτως
634 1981 825 2062 ἀπληρύτως,
841 1980 894 2060 ἀφ’
911 1981 946 2044 οὖ
961 1980 1011 2044 καὶ
1032 1979 1110 2060 μοτά
1123 1979 1160 2044 τὰ
1176 1980 1375 2060 ἐπιτιθέμενα

216 2087 280 2150 τοῖς
295 2086 409 2150 κοίλοις
424 2085 591 2165 τραύμασιν
606 2085 712 2149 ὀθόνια
725 2084 800 2166 πρὸς
815 2081 1033 2164 ἀναπλήρωσιν
1047 2087 1100 2161 τῆς
1116 2084 1230 2165 σαρκός
1244 2083 1316 2147 A:

259 2206 334 2265 444.
355 2183 476 2274 μέσσῳ]
493 2186 606 2268 μεταξὺ
619 2189 732 2270 Τρύων
748 2187 796 2252 καὶ
810 2185 972 2266 Ἑλλήνων
989 2233 998 2251 .

259 2303 333 2371 447.
355 2291 468 2373 ῥινούς]
482 2292 609 2372 βύρσας,
624 2294 678 2357 τὰς
693 2292 825 2356 ἀσπίδας
920 2307 995 2371 449.
1013 2286 1161 2377 έπληντο]
1178 2291 1371 2369 ἐπλησίαζον

165 2418 203 2458 νο
260 2407 334 2475 457.
356 2391 552 2482 Ἀντίλοχος]
569 2395 664 2461 ὀυίδς
678 2399 731 2457 τοῦ
746 2392 901 2475 Νέστορος

358 2495 629 2585 έλεν]ζέφόνευσεν
778 2503 842 2564 πῶς
860 2495 967 2575 Αίαςῆ
985 2495 1203 2583 Διομήδηςῗούκ
1215 2498 1370 2580 ἀριστεύει

218 2608 349 2684 πρῶτος,·
365 2604 418 2667 καί
430 2609 536 2683 φασιν,
553 2604 599 2667 ὅτι
615 2602 728 2667 Πύλιοι
746 2607 859 2684 πρῶτοι
873 2600 1097 2683 συνέρρηξον,ἣ
1114 2604 1169 2680 ὅτι,
1181 2602 1249 2669 ἐπεὶ
1264 2605 1282 2667 θ
1296 2603 1369 2670 Ἀν-

217 2708 342 2789 τίλοχος
351 2706 479 2786 ἀλκιμός
490 2731 522 2770 τε
535 2707 584 2770 καὶ
595 2704 688 2788 ταχὺς
699 2706 1010 2789 ύπάκειται,<είκότως
1023 2708 1072 2769 καὶ
1083 2707 1207 2786 φονεύει
1215 2706 1368 2789 πρῶτος).

217 2809 283 2889 ἐμοὶ
307 2811 339 2875 δέ
367 2816 450 2875 δοκεῖ
471 2811 522 2874 ἀπ’
549 2806 723 2874 ἐλάσσονου
748 2804 891 2897 ἦρῘχθαι]
915 2810 968 2875 τὸν
989 2809 1118 2889 ποιητὴν
1140 2810 1175 2874 τδ
1197 2814 1252 2890 τῆς
1273 2812 1369 2895 τύχης

164 2935 201 2994 25
216 2915 433 2995 αίνισσάμενον
448 2910 585 3002 κρ]άτος]
602 2912 670 2975 Α-.·

258 3017 332 3098 458.
356 3015 568 3104 Θαλυσιάδην]
586 3019 746 3082 Θαλυσίου
761 3021 855 3082 παῖδα

258 3123 333 3200 464.
355 3121 529 3204 Ἀβάντων]
544 3127 604 3184 τῶν
622 3120 766 3202 Εὐβοέων

258 3228 333 3307 465.
355 3221 549 3312 λελιημένος]
566 3226 808 3307 προθυμούμενος
927 3227 1002 3305 466.
1022 3223 1164 3314 μίνυνθα]
1182 3226 1230 3292 ἐπ’
1246 3229 1357 3310 ὀλίγον

258 3330 332 3409 468.
355 3324 406 3416 τά]
423 3328 511 3394 ἅτινα
641 3343 715 3411 472.
739 3327 950 3418 ἐδνοπάλιζεν]
968 3333 1114 3411 ἐφόνευεν

162 3462 202 3518 30
258 3433 333 3517 483.
350 3428 488 3519 εἱαμενῇ]
501 3430 838 3521 ἦγῇκαταλελειμμένῃ
850 3435 1008 3518 ἀδεσπότιρ
1019 3432 1038 3514 ἢ
1051 3436 1274 3522 καθύδρῳτάπιρ
1291 3436 1357 3507 A÷

256 3538 331 3618 484.
356 3534 430 3618 ἀτάρ
446 3561 479 3600 τε
494 3535 615 3600 οί-ἐπ’
631 3534 794 3624 ἀκροτάτῃ]
812 3537 902 3616 αύτῆς
917 3541 1032 3627 κορυφῇ

354 3636 524 3728 πεφύασιν]
541 3641 607 3705 ἀντὶ
623 3643 676 3703 τοῦ
690 3645 942 3721 βεβλαστηκότες
958 3646 1037 3709 είσίν

255 3745 330 3825 487·
354 3743 497 3825 ἆζονένη]
513 3742 710 3824 ξαινομένη

177 3868 186 3889 ·
256 3847 330 3928 488.
354 3842 539 3935 ἐξενάριξεν]
557 3848 743 3916 ἐσκύλευσεν
757 3872 814 3917 ree.

76 4040 80 4047 ¹
161 3978 199 4040 35
256 3970 331 4034 492.
354 3948 515 4040 βουβῶνα]
532 3953 585 4017 τὸν
600 3953 668 4036 περὶ
682 3954 738 4036 τὴν
751 3957 883 4042 γαστέρα
898 3961 993 4024 τθπον

351 4052 496 4145 ἑτέρωσε]
514 4057 557 4123 είς
572 4057 675 4139 ἕτερον
689 4058 780 4142 μέρος

255 4179 331 4244 493.
353 4159 442 4242 ἤριπε
458 4164 484 4224 δ’
499 4161 574 4243 ἀμφ’
590 4159 684 4250 αύτῷ]
701 4164 795 4229 έπεσε
810 4166 879 4248 περὶ
894 4167 988 4251 νεκρῷ

255 4281 330 4345 494.
353 4260 420 4352 τοῦ]
438 4269 491 4328 τοῦ
506 4268 635 4334 Αἴαντος

256 4381 332 4448 497.
356 4364 386 4455 ἐ]
403 4370 510 4435 έαυτόν
640 4369 815 4462 κεκάδοντο]
834 4373 965 4458 ἔφευγον

248 4533 269 4566 2.
282 4519 418 4573 συλλαβεῖν
429 4522 480 4572 AD
504 4527 515 4583 ΙΙ
540 4536 578 4586 15.
595 4524 713 4589 sdpinxit
729 4541 776 4578 ιοα
789 4527 906 4592 figuram,
917 4544 968 4592 qua
984 4527 1015 4579 τὸ
1031 4529 1219 4595 τῶνβαρβάρων
1229 4533 1364 4597 θορυβῶδες

212 4583 364 4635 inlustratur
382 4591 392 4644 ΙΙ
413 4600 449 4649 ²3·
464 4589 577 4652 supplevi
588 4605 618 4640 ex
630 4591 681 4640 AD
