3000 5040
272 277 336 341 οια
684 276 853 338 1111401
879 277 909 336 P.
932 269 1019 358 (17)

316 447 369 531 36.
391 438 720 532 xrfmvafflvafxa]
736 442 834 527 χήραν
850 444 997 522 ἐποίησας
1012 443 1067 524 τὴν
1081 447 1211 527 γυναῖκα

316 564 367 637 37.
390 545 515 637 άρητον]
532 546 550 628 ή
566 547 760 629 βλαβερδνῆ
776 546 926 628 ἐπάρατον
940 546 1001 611 A·

315 673 368 740 39.
392 652 523 736 ἐνείκας]
538 653 698 718 ἀπενείκας

315 777 369 837 40.
395 751 598 844 <Φρόντιδι>]
615 755 689 836 πρὸς
704 754 940 834 ἆντιδιαστολήν
955 759 1008 818 τοῦ
1023 757 1148 838 φροντίς

239 877 258 940 5
315 874 370 944 52.
392 859 586 943 ἐσφήκωντο]
602 857 784 940 ἐσφιγμένοι
799 857 878 938 ήσαν
893 857 960 927 A÷
1099 872 1151 942 54.
1176 853 1240 947 ὅθ’]
1259 857 1341 921 ὅπου

316 966 368 1046 58.
392 958 575 1051 ἐξέστρεψε]
595 961 791 1044 ἐξερρύζωσεν

316 1081 369 1153 95.
392 1068 603 1152 περιστεέωσι]
618 1066 824 1148 περιστήκωσι
840 1069 898 1150 γὰρ
914 1066 960 1147 ἦν,
977 1067 1025 1130 καὶ
1044 1066 1187 1152 ἀποβολῇ
1206 1070 1298 1129 τοῶῗι
1318 1069 1339 1099 “
1349 1089 1428 1143 περι-

272 1169 417 1252 στήωσι”

319 1289 391 1357 105.
416 1277 537 1360 (κακῶν
557 1275 592 1340 δέ
611 1301 646 1340 κε
665 1274 814 1356 φέρτατον
831 1271 916 1361 εἵη>]
939 1276 973 1338 ἐκ
992 1279 1051 1339 τῶν
1071 1279 1198 1339 πολλῶν
1217 1278 1323 1338 κακῶν
1344 1277 1426 1336 τοῦτο

221 1399 258 1438 10
273 1379 404 1462 ἄμεινον’
426 1378 479 1445 δύο
494 1381 552 1462 γὰρ
568 1385 667 1444 κακῶν
685 1377 888 1461 προκειμένων
903 1385 937 1443 τδ
954 1379 996 1459 μὴ
1012 1382 1115 1461 χεῖρον
1129 1378 1263 1459 βέλτιον
1273 1378 1344 1446 A÷

319 1503 391 1569 134.
414 1482 494 1563 νήπι’
512 1479 630 1570 άγοντι]
647 1483 717 1549 τοὺς
733 1483 884 1563 σκύμνους
900 1479 1108 1568 ἐπιφερομένῳ

320 1589 390 1671 136.
414 1582 604 1674 ἐπισκύνιον]
620 1587 656 1650 τδ
671 1592 724 1649 τοῦ
738 1587 903 1667 προσώπου
919 1587 1012 1667 δέρμα
1023 1585 1083 1647 A·

318 1702 390 1772 155.
413 1691 447 1755 τδ
474 1692 550 1771 θέμα
573 1696 632 1771 φῶ,
656 1689 756 1771 φήσω,
779 1693 796 1752 ό
822 1691 1039 1770 παρακείμενος
1062 1688 1197 1771 πέφηκα,
1222 1691 1239 1752 ό
1262 1693 1426 1768 παθητικῶς

272 1794 420 1876 πέφημαι,
447 1794 482 1857 τδ
508 1795 646 1875 δεύτερον
671 1792 820 1875 πέφησαι,
843 1792 859 1854 ό
880 1793 944 1873 μετ’
967 1793 1075 1874 ὀλίγον
1096 1792 1224 1872 μέλλων
1246 1791 1426 1872 πεφήσομαι

223 1912 257 1971 15
273 1897 399 1984 πεφήσῃ
416 1902 433 1932 “
444 1897 616 1980 πεφήσεται
626 1894 642 1921 ''

320 2002 391 2082 156.
414 1997 510 2088 ἐνείη]
527 2002 695 2083 ἐνυπῆρχεν
828 2013 900 2081 157.
922 1995 1066 2086 ἄτρομον]
1084 1998 1209 2080 ἄφοβον

319 2107 390 2188 165.
415 2100 611 2191 θεράποντες]
628 2104 745 2183 δηλαδή
761 2108 813 2167 τοῦ
827 2102 1008 2188 Ἀχιλλέως.
1040 2104 1107 2167 ἐστι
1123 2104 1157 2166 δέ
1170 2097 1349 2183 ὑπερβατόν

283 2278 286 2286 ,
319 2209 392 2273 166.
415 2204 604 2295 ἐτάλασσας]
621 2205 861 2288 ὑπέμεινοςΑ-Ι-
1001 2207 1071 2271 180.
1094 2201 1145 2294 ήέ]
1162 2207 1189 2271 εἰ
1203 2205 1264 2287 άρα

319 2331 390 2396 193.
413 2316 450 2376 τδ
466 2310 500 2401 ά]
517 2312 554 2376 τὰ
569 2315 631 2376 ἴδια

321 2431 390 2501 197.
414 2417 518 2498 ῶσπερ
533 2422 568 2478 τδ
583 2412 658 2482 στάς
673 2412 810 2490 στάντος,
825 2416 901 2478 οότω
918 2416 966 2479 καὶ
981 2415 1016 2479 τὸ
1032 2419 1050 2450 “
1058 2411 1154 2498 γηράς
1162 2412 1180 2438 ”
1196 2409 1348 2496 γηράντος

318 2538 390 2586 201.
414 2513 609 2606 καταθύμιος]
625 2517 692 2598 ἤτοι
707 2521 751 2585 εἰς
765 2523 836 2582 νοῶν
850 2519 1084 2598 λαμβανόμενος

318 2638 390 2706 205,
406 2625 436 2686 6.
459 2623 520 2688 ἀπὸ
539 2621 647 2704 κρατός
661 2646 695 2686 τε
710 2622 760 2686 καὶ
776 2622 864 2700 ῶμων
880 2617 977 2709 εἵλευ]
995 2621 1125 2703 ιἰφεέλευ

317 2742 390 2809 207.
414 2721 538 2815 ποινήν]
555 2724 688 2806 ἀμοιβήν
699 2724 767 2786 A:
906 2725 978 2791 218.
1002 2719 1180 2812 οἰωνιστήν]
1197 2729 1252 2788 τὸν
1264 2722 1378 2805 μάντιν

319 2848 391 2896 220.
414 2824 624 2916 περικτιόνων]
641 2834 701 2893 τῶν
716 2827 948 2909 περιοικούντων

319 2951 391 2999 221.
414 2933 534 3012 πληθὺν
549 2928 719 3020 διζήμενος]
737 2930 872 3010 πλήθους
888 2932 1030 3010 δεόμενος

318 3037 391 3103 226.
414 3033 521 3122 λαούς]
538 3037 606 3102 τοὺς
620 3036 781 3117 ἡμετέρους
913 3037 985 3103 228.
1008 3034 1164 3117 ὀαριστύς]
1180 3033 1271 3116 άρετή

318 3159 391 3227 230.
415 3139 480 3227 εἴξῃ
496 3139 528 3205 δέ
542 3137 586 3229 οἱ]
603 3138 789 3227 ἀποχωρήσῃ
806 3140 885 3223 αὐτῷ

318 3258 391 3326 250.
414 3240 520 3330 δήμια]
538 3247 576 3308 τδ
593 3245 726 3324 δημόσια
857 3238 1076 3331 σημαίνουσιν]
1093 3242 1273 3306 κελεύουσιν

318 3362 388 3430 277.
411 3342 552 3433 μίνυνθα]
569 3347 638 3411 ούδέ
653 3348 760 3430 ὀλίγον
892 3347 965 3428 285.
987 3341 1219 3432 μετεισάμενος]
1236 3346 1398 3426 μετελθών

318 3468 391 3536 297.
413 3446 523 3538 αὐλόν]
538 3447 557 3531 ἢ
573 3451 628 3529 τήν
643 3449 722 3529 ὀπήν
1007 3476 1009 3480 ·

317 3574 391 3640 314.
414 3554 548 3636 θύρηκος
563 3553 691 3636 γύαλον]
708 3556 783 3617 κατδ
798 3556 984 3635 περίφρασιν
999 3552 1053 3618 τδν
1068 3552 1188 3634 θώρακα
1203 3573 1263 3619 τοο.

317 3659 391 3745 338.
414 3659 458 3722 ἔτι
474 3657 530 3741 γάρ
544 3657 603 3741 τις]
618 3659 658 3725 ὥς
673 3683 718 3725 τις

316 3776 391 3848 354.
414 3764 525 3847 ἔρχατο
541 3760 651 3844 πάντη]
667 3760 733 3840 ήτοι
752 3759 1031 3843 περιπεφραγμένοι
1051 3758 1130 3840 ἦσαν

318 3881 392 3952 371.
415 3864 525 3949 αἰθέρι]
541 3866 640 3949 αἰθρίᾳ
656 3866 779 3948 καθαρᾷ,
795 3863 861 3945 άέρι
875 3863 1018 3949 ἀνεφέλιρ

220 3983 258 4044 35
316 3990 391 4059 373.
413 3970 655 4052 μεταπαυόμενοι
671 3973 704 4033 δέ
720 3965 869 4058 μάχοντο]
887 3972 919 4034 ἐκ
934 3973 1077 4054 διαδοχῆς
1093 3972 1126 4033 δέ
1143 3967 1316 4049 ἐπολέμουν

316 4097 390 4159 414.
414 4076 453 4141 ῶς
483 4074 644 4154 ἠθοποιίαν
670 4074 798 4137 ἐνταῦθα
822 4079 951 4138 ποιεῖται
981 4075 997 4135 ὁ
1027 4072 1154 4152 ποιητής
1183 4071 1291 4156 λέγων,
1320 4075 1426 4141 ποίους

272 4183 383 4266 λόγους
400 4179 479 4265 (δν)
498 4179 585 4244 εἶπον
607 4180 637 4242 οἱ
655 4175 809 4257 Ἕλληνες
827 4179 1070 4262 ὑπερμαχοῦντες
1092 4181 1145 4240 τοῦ
1168 4178 1352 4259 Πατρόκλου
1376 4176 1426 4244 καὶ

271 4287 376 4353 ποίους
391 4287 421 4349 οἱ
434 4287 537 4367 Τρῶες

306 4509 328 4547 1.
346 4494 443 4558 ἐποίησε
462 4499 473 4555 ΙΙ
493 4494 531 4546 26.
547 4493 665 4559 ἀμέτρους
685 4499 696 4555 ΙΙ
717 4506 754 4559 27.
772 4492 827 4556 εῐξει
846 4498 857 4553 ΙΙ
875 4492 1027 4557 ἀποχωρήσει
1047 4499 1058 4556 [1
1081 4494 1119 4544 28.
1137 4492 1240 4557 δημόσια
1252 4493 1292 4542 D:
1310 4490 1397 4554 δήμεια
1415 4498 1426 4554 u

273 4575 312 4625 34.
325 4560 365 4610 καὶ
375 4565 435 4610 ιντο
445 4559 482 4608 δν.
494 4561 566 4610 omini
