3000 5040
216 233 281 298 τοι
635 237 806 297 ικικκος
830 239 852 298 1.
874 231 946 320 (9)

216 408 300 467 τικοῦ
315 406 421 484 φόνου·
445 405 480 469 οὗ
491 407 549 486 γάρ
564 406 609 471 είς
624 402 689 483 ῆνό
703 403 888 491 ἀνῃρημένος
903 405 955 482 τῆς
963 401 1117 469 Ἀλθαίας
1132 400 1288 481 ἀδελφός.
1299 400 1372 467 ἀλλά

217 509 350 585 πλείους,
361 508 504 589 Ἴφικλος
519 510 723 589 Πολυφόντης
739 506 842 587 Φάνης
858 507 1034 589 Εὐρύπυλος
1050 503 1249 586 Πλήξιππος
1264 506 1328 571 A÷

260 612 335 691 568.
361 609 513 698 <ἀλοία>]
543 612 700 690 έπληττεν·
725 608 761 689 ἐξ
784 611 820 674 οδ
846 609 895 675 καὶ
920 613 1110 693 πατραλοίας
1138 610 1156 672 ά
1181 606 1241 671 τάν
1267 607 1373 688 πατέρα

215 713 342 778 τύπτων.
378 715 516 798 εὔχονται
541 717 574 778 δὲ
598 717 628 778 οἱ
650 714 745 795 ήρωες
772 718 837 781 τοῖς
862 717 918 795 μὲν
942 715 1093 796 ούρανίοις
1121 716 1211 778 θεοῖς
1238 710 1302 773 ἀνω
1326 715 1373 778 τὰς

182 836 201 896 5
214 822 319 900 χεῖρας
335 819 514 901 ἀνίσχοντες
530 813 583 903 (Il.
602 817 630 879 8.
648 813 735 902 347),
747 821 810 884 τοῖς
825 821 859 882 δὲ
875 820 1059 884 θαλασσίοις
1074 816 1121 884 είς
1135 816 1196 895 τῆν
1213 811 1374 878 θάλασσαν

214 919 267 1008 (ΙΙ.
288 939 315 984 1.
331 919 420 1006 351),
435 925 497 988 τοῖς
512 924 545 985 δὲ
561 923 773 1004 καταχθονίοις
789 921 950 987 κόπτοντες
965 921 1020 1000 τῆν
1034 924 1094 1003 γῆν
1110 925 1176 992 Α-ί-

258 1023 332 1086 608.
355 1020 444 1112 αίσῃ]
461 1023 613 1103 βουλήσει
746 1024 821 1086 610.
843 1020 957 1110 ἀράρῃ]
973 1028 1091 1103 κινῆται

258 1127 332 1192 622.
356 1123 494 1214 κλισίης]
512 1131 566 1207 τῆς
583 1130 697 1206 σκηνῆς
786 1128 861 1211 636.
883 1123 1006 1214 ποινήν]
1023 1126 1205 1195 ἀπόκτισιν

257 1230 330 1313 638.
355 1232 434 1314 οίης]
448 1229 466 1309 ῆ
482 1234 584 1311 μόνης,
599 1229 618 1309 ῆ
634 1231 742 1297 ὁποίας
757 1229 823 1294 κατ’
838 1232 992 1312 εἰρωνείαν

161 1353 201 1404 ¹10
257 1329 587 1420 6360666661)

258 1437 332 1517 645.
354 1436 453 1502 πάντα
466 1463 519 1516 μοι
534 1437 764 1515 καθεστηκότως
779 1434 885 1515 ἔδοξας
900 1435 1050 1518 εἰρηκέναι
1066 1441 1135 1498 Α-

257 1541 332 1618 646.
357 1540 531 1624 (οἰδάνεται
561 1535 706 1627 κραδίη)]
734 1541 767 1603 έκ
797 1543 971 1622 μεταφορᾶς
999 1543 1052 1618 τῆς
1079 1541 1275 1622 φλεγμονῆς,
1303 1538 1375 1618 ὅπερ

213 1646 324 1725 οἴδημα
339 1648 489 1725 καλοῦμεν

257 1748 331 1827 647.
355 1743 533 1834 ἀσύφηλον]
551 1749 696 1827 ἀδόκιμον
783 1747 857 1824 648.
880 1742 1086 1833 μετανάστην]
1105 1744 1235 1828 φυγάδα

164 1879 200 1938 ¹5
258 1853 332 1932 657.
358 1847 557 1938 σπείσαντες]
576 1852 722 1917 θύσαντες
792 1851 868 1914 668.
889 1846 1030 1938 Ἐνυῆος]
1045 1853 1110 1917 υἱδς
1128 1849 1288 1914 Διονύσου
1299 1848 1368 1911 A:

258 1953 332 2032 684.
355 1951 643 2040 παραμυθήσασθαι]
662 1954 896 2036 προτρέψασθαι
983 1954 1055 2016 686.
1073 1949 1159 2042 ἕθεν]
1171 1954 1295 2019 έκείνου

258 2061 330 2140 695.
352 2054 518 2146 τετιηότες]
534 2057 719 2137 λυπούμενοι
731 2063 797 2120 A:

258 2163 328 2247 698.
353 2162 480 2244 ὄφελες]
494 2167 554 2225 τῶν
567 2160 687 2226 Ἰάνων·
712 2160 760 2225 καὶ
775 2160 828 2224 οὐκ
843 2159 965 2240 αὔξεται

772 2418 798 2476 Κ

162 2561 201 2602 20
258 2533 339 2613 Αύτη
360 2532 378 2612 ῆ
402 2535 545 2617 ῥαψῳδία
572 2531 772 2614 ἐπιγράφεται
795 2533 1005 2614 Νυκτεγερσίο
1026 2534 1077 2597 διά
1098 2532 1133 2596 τδ
1156 2532 1272 2616 νύκτωρ
1296 2535 1369 2598 ἔπα-

214 2637 383 2704 ναστάντος
403 2636 472 2702 τοὺς
487 2637 620 2718 πρώτους
643 2643 702 2699 τῶν
716 2633 876 2715 Ἑλλήνων
898 2639 1105 2704 κατασκόπους
1125 2636 1249 2720 πέμψαι
1263 2639 1367 2724 γνύμῃ

214 2741 370 2823 Νέστορος
387 2739 524 2821 Διομήδη
541 2741 590 2804 καὶ
604 2738 761 2803 Ὀδυσσέα
776 2745 841 2802 A:

260 2864 289 2912 2.
313 2847 434 2911 εἰκότως
455 2842 604 2909 “εύδον·”
627 2845 786 2925 ἀμφότερα
807 2846 865 2927 γάρ
888 2845 982 2908 ὕπνου
1005 2841 1120 2926 ἀγωγά,
1144 2841 1194 2907 καί
1218 2845 1236 2906 δ
1259 2845 1294 2907 έκ
1318 2845 1368 2921 τῆς

212 2948 313 3033 μάχης
329 2948 458 3028 κάματος
473 2948 523 3011 καὶ
541 2944 560 3024 ῆ
577 2944 628 3011 ἐπὶ
643 2949 678 3032 τῆ
694 2947 768 3033 ῆττῃ
784 2949 933 3027 δυσθυμία

164 3080 200 3135 ²5
314 3048 534 3140 <παννύχιοι>]
551 3052 620 3134 ούχὶ
637 3049 675 3115 δι’
688 3053 762 3132 όλης
777 3054 830 3129 τῆς
845 3052 958 3128 νυκτός,
970 3052 1053 3114 ἀλλά
1067 3051 1102 3115 τδ
1118 3054 1269 3115 πλεῖστον
1279 3049 1366 3132 μέρος

214 3159 265 3234 τῆς
281 3158 394 3223 νυκτός.
422 3158 509 3220 είωθε
526 3158 584 3239 γδρ
604 3152 768 3235 δ”Ομηρος
783 3153 818 3218 τδ
833 3160 849 3188 “
859 3155 1022 3238 παννύχιοι
1033 3151 1048 3177 ”
1063 3155 1112 3218 καὶ
1129 3159 1145 3188 “
1158 3152 1340 3234 πανημέριοι
1348 3152 1364 3177 ”

213 3259 328 3324 τιθέναι
354 3261 403 3324 καὶ
430 3260 480 3323 ἐπὶ
506 3265 565 3324 τῶν
590 3261 665 3322 κατά
690 3257 789 3340 μέρος·
819 3263 836 3293 “
850 3258 1010 3342 παννύχιοι
1031 3259 1087 3337 μὲν
1110 3258 1216 3322 ἔπειτα
1240 3282 1364 3339 καρηκο·

213 3365 346 3444 μόωυτες
359 3361 507 3445 Ἀχαιοί”
523 3360 578 3446 (Il.
597 3377 625 3442 7.
641 3359 730 3448 476)·
746 3365 764 3396 “
775 3361 803 3426 οἳ
820 3364 854 3426 δὲ
869 3361 1048 3444 πανημέριοι
1062 3363 1166 3448 μολπῆ
1183 3361 1256 3427 θεδν
1272 3359 1362 3425 ίλάσ·

214 3465 329 3530 κοντο”
345 3463 400 3550 (Il.
420 3484 446 3526 1.
462 3462 541 3552 472)
557 3470 619 3528 B-

163 3597 202 3653 30
259 3570 287 3631 8.
311 3567 347 3648 ήέ
361 3564 448 3655 ποθι]
464 3566 482 3646 ῆ
498 3567 533 3646 δή
548 3569 616 3630 Α·
754 3564 962 3660 πευκεδανοῖο]
980 3572 1085 3649 πικροῦ
1100 3588 1159 3630 ree.
1176 3573 1240 3637 Αδ-

261 3690 308 3736 12.
333 3671 456 3754 ἀπορία]
477 3677 539 3738 πῶς
559 3672 642 3738 ἑντδς
665 3677 717 3734 τοῦ
734 3673 854 3754 τείχους
875 3666 1047 3754 [ὑπάρχωμ
1063 3674 1079 3734 δ
1098 3669 1300 3752 Ἀγαμέμνων
1315 3670 1365 3743 [τά

215 3776 309 3863 πυρὰ]
322 3775 542 3855 έθαύμαζε,τῆν
556 3776 683 3859 [ἀρχὴν]
695 3776 770 3855 μηδὲ
785 3773 912 3855 βλέπων
927 3776 1017 3848 ίαύτδ
1028 3774 1077 3838 διὰ
1093 3778 1145 3837 τοῦ
1160 3776 1283 3857 τείχους
1291 3800 1302 3847 ,·
1320 3776 1367 3838 καὶ

213 3878 330 3963 ῥητέον,
367 3880 413 3942 ότι
446 3881 463 3941 ὁ
501 3878 651 3959 βασιλεὺς
688 3878 887 3960 ὑψηλοτάτην
920 3879 984 3961 εἶχε
1014 3875 1138 3957 σκηνήν,
1169 3876 1208 3943 ἵν’
1237 3877 1367 3962 εύχερῶς

216 3986 339 4063 θεωρεῖν
354 3979 453 4045 πάντα
467 3982 604 4069 δύνηται]
621 3986 686 4045 A:

163 4105 201 4167 35
262 4103 311 4170 13.
334 4082 514 4174 ἀνθρώπων]
533 4085 666 4169 ᾀδόντων
740 4086 788 4148 16.
811 4084 903 4168 ὑψόθ’
919 4086 999 4151 ἐόντι
1016 4081 1084 4174 Διί]
1101 4084 1362 4168 ἀδυρόμευοςΑε

259 4207 311 4269 24.
333 4186 509 4277 ποδηνεκές]
524 4189 614 4274 μέχρι
630 4194 732 4254 ποδῶν
748 4192 878 4268 καθῆκον

205 4364 207 4368 ·
249 4355 272 4391 ο.
283 4339 485 4421 Πολυφόντηςιαί
495 4342 546 4391 AD
563 4346 574 4401 ΙΙ
592 4355 614 4403 3.
626 4337 766 4422 afim-ipsi:
783 4347 799 4389 5
809 4342 860 4422 λος]
877 4348 888 4403 [Ι
908 4354 930 4408 7.
947 4343 1048 4392 κινεῖται
1069 4346 1079 4401 ΙΙ
1099 4354 1136 4391 11.
1148 4339 1301 4420 καθηκόντως
1311 4341 1337 4391 Ι)
1352 4345 1364 4401 ss

218 4420 256 4457 πο.
269 4404 306 4455 διδ
322 4404 352 4454 τδ
369 4413 466 4457 οιιιιίδιί
482 4409 508 4457 Δ
527 4413 537 4467 ΙΙ
556 4421 595 4470 3ο.
607 4406 636 4469 ήδ
648 4424 676 4456 m
686 4413 758 4458 textu
770 4415 875 4457 novant
886 4424 950 4459 τινας
968 4404 985 4470 ῆ
996 4425 1032 4472 pr.
1046 4412 1056 4467 ΙΙ
1070 4421 1108 4470 31,
1117 4420 1156 4468 3ο.
1168 4407 1284 4471 supplem
1295 4423 1327 4455 οι
1339 4409 1366 4455 Δ

216 4488 282 4538 qm
292 4472 436 4537 bibliopegt
443 4474 550 4523 mouit
564 4481 574 4534 ΙΙ
590 4485 630 4534 31,
638 4485 678 4535 33.
688 4474 767 4523 etiam
775 4471 848 4522 λύσιν
905 4475 966 4524 'tum
974 4474 1052 4524 fuine
1062 4471 1133 4522 λύσις
1143 4473 1176 4522 αδ
1186 4472 1368 4522 ιαάοτοιιλίοτο

216 4553 295 4588 mnu
305 4538 461 4604 adscriptum
471 4538 617 4589 testimonio
627 4544 681 4600 οιίς
691 4539 806 4604 supplevi
815 4539 846 4588 iti
865 4554 905 4589 om
916 4555 947 4589 ex
957 4541 983 4589 A
995 4544 1006 4601 ΙΙ
1020 4550 1058 4603 33.
1070 4537 1177 4605 φθάντος*
1185 4538 1237 4624 λίς
1253 4535 1367 4586 ἀνιόντων
