3000 5040
273 255 338 317 500
688 256 861 319 ιΛιΑιςοΣ
884 259 918 321 n.
940 254 1007 343 (2)

318 426 393 511 389.
417 424 625 515 ἀμφιβρότης]
640 429 695 507 τῆς
709 427 903 511 πανταχόθεν
916 433 970 492 τδν
984 428 1099 510 βροτὸν
1114 425 1372 512 περισκεπούσης

317 550 390 615 390.
414 528 533 619 ἐύξοον]
550 536 603 596 τδιι
618 537 719 598 καλῶς
736 529 1016 611 κατεσκευασμένον

318 653 392 719 391.
408 633 444 698 δν
458 633 492 699 δέ
508 634 533 699 κ’
546 630 639 723 ἑγύν]
657 634 698 721 τῷ
713 636 746 699 δδ
759 633 880 700 θέλοντι
892 634 1018 717 φεύγειν
1034 635 1088 702 τδν
1103 637 1247 716 πόλεμον
1263 633 1325 718 ούχ
1336 636 1436 701 ίκανδυ

275 738 344 802 οὐδὲ
370 738 513 819 αύταρκες
538 736 701 820 γενήσεται
727 744 802 820 πρὸς
827 737 862 802 τδ
886 736 927 818 μὴ
949 737 1008 802 ύπδ
1031 745 1128 806 κυνῶν
1151 738 1202 805 καὶ
1225 736 1436 821 σαρκοφάγων

243 869 260 928 5
276 844 388 923 όρνεων
402 845 629 921 διασπασθῆναι

289 985 292 989 ,
319 945 392 1028 398.
416 944 626 1030 κεδασθέντες]
642 945 861 1014 σκεδασθέντες

317 1081 392 1140 400.
416 1058 513 1150 ἔρεζε]
530 1063 652 1127 δύναται
668 1063 729 1128 άπδ
743 1068 797 1126 τοῦ
812 1065 960 1144 ἰπαρκοῦς
974 1034 1088 1144 τδβατ]

316 1183 391 1242 421.
411 1166 593 1250 οὐλοχύτας]
611 1167 715 1248 κριθάς*
800 1181 805 1191 “

318 1287 394 1346 422.
409 1267 571 1356 αὐέρυσαν]
586 1273 629 1337 εἰς
638 1271 773 1334 τούπίσω
783 1272 932 1336 εἵλκυσαν
941 1269 1009 1337 τοὺς
1016 1269 1187 1353 τραχήλους
1199 1275 1264 1334 τῶν
1271 1267 1431 1354 ζιύωνΑθ

224 1383 262 1423 ¹0
318 1391 393 1450 424.
413 1368 558 1460 δίπτυχα]
575 1378 703 1438 διπλοῦν
717 1374 770 1438 τὸν
785 1375 936 1439 έπίπλουν

415 1476 462 1541 ἐπ’
479 1474 591 1564 αὐτῶν]
608 1484 669 1542 τῶν
683 1485 798 1558 βωμῶν
927 1491 1003 1559 425.
1027 1474 1213 1567 άφύλλοισι]
1231 1475 1342 1560 ξηροῖς

317 1581 392 1657 426.
414 1581 576 1663 ὑπείρεχον
589 1578 794 1670 Ἡφαίστοιο]
811 1581 948 1663 ὑπεράνω
965 1582 1051 1664 εἰχον
1065 1582 1157 1662 πυρός

318 1695 393 1767 435.
417 1684 479 1762 δῆτ’
496 1679 580 1770 αὖθι]
597 1685 696 1749 πολὺν
710 1687 823 1768 χρόνον
840 1684 910 1748 Α-·
1025 1681 1201 1772 λεγώμεθα]
1218 1685 1437 1768 διαλεγόμεθα

317 1788 392 1872 436.
416 1784 520 1874 ἔργον]
537 1787 590 1851 τδν
605 1789 741 1869 πόλεμον
829 1788 905 1866 448.
928 1785 1104 1875 ἠερέθοντο]
1123 1787 1291 1871 ἐκρέμαντο

223 1896 259 1952 15
317 1911 392 1974 449.
417 1888 632 1979 ἑκατόμβοιος]
649 1896 757 1956 έκατδν
773 1898 861 1973 βοῶν
875 1891 943 1971 ἤτοι
961 1887 1147 1979 [πλείστων]
1165 1889 1253 1971 άξιος
1269 1890 1340 1959 Αἰ·

415 1992 557 2083 ἕκαστος]
577 1992 746 2084 [θυσάνων]
878 2009 952 2077 450.
975 1993 1028 2083 τῇ]
1045 1996 1083 2084 τῇ
1101 1997 1195 2077 αἰγίδι

317 2110 393 2178 454.
415 2094 609 2187 γλαφυρῇσι]
628 2100 745 2165 κοίλαις
760 2100 902 2178 βαθείαις
969 2111 1044 2180 455·
1066 2094 1210 2186 άίδηλον]
1228 2098 1434 2180 άφανιστικόν

282 2224 286 2230 ’
316 2214 392 2282 457.
415 2198 548 2289 χαλκοῦ]
564 2206 617 2282 τῆς
632 2205 804 2268 πανοπλίας

318 2306 394 2383 461.
416 2303 528 2392 Ἀσίῳ]
546 2308 580 2370 έν
594 2308 635 2390 τῷ
651 2310 705 2385 τῆς
719 2304 829 2372 Ἀσίας
845 2306 990 2392 συμφύτῳ
1006 2307 1089 2392 τόπιρ

223 2424 261 2464 ²0
318 2409 393 2488 469.
418 2408 562 2491 ἁδινάων]
580 2415 641 2473 τῶν
655 2408 732 2488 δδην
747 2407 796 2472 καί
811 2415 953 2491 δαψιλῶς
975 2409 1159 2491 πετομένων·
1183 2415 1257 2477 ὅθεν
1272 2412 1323 2475 καὶ
1340 2409 1432 2474 δασύ·

276 2536 360 2576 νετοι

317 2630 392 2694 474.
416 2612 558 2705 αἰπόλια]
583 2618 743 2696 αἰγονόμια
767 2615 896 2698 μεγάλα,
916 2618 963 2682 δτι
991 2619 1024 2682 έν
1044 2617 1226 2698 διαστήματι
1247 2620 1298 2682 καὶ
1319 2616 1431 2682 πλάτει

275 2721 418 2786 πλείονες
433 2719 573 2799 νέμονται
594 2723 626 2784 αἰ
644 2721 728 2802 αἶγες
743 2721 812 2783 A:

319 2824 462 2889 αἰπόλιον
476 2822 599 2905 λέγεται
614 2824 649 2887 τδ
663 2830 723 2889 τῶν
734 2827 828 2906 αἰγῶν
840 2829 968 2904 πλῆθος,
983 2830 1124 2904 ποίμνιον
1134 2831 1169 2889 τδ
1180 2830 1242 2889 τῶν
1253 2823 1431 2906 προβάτων,

224 2956 239 2997 2
243 2952 261 3014 5
275 2927 428 3006 συβόσιον
442 2926 476 2990 τδ
488 2933 548 2991 τῶν
557 2929 678 3011 χοίρων,
690 2928 857 3008 βουκόλιον
872 2934 906 2992 τδ
921 2934 982 2993 τῶν
992 2934 1086 3008 βοῶν,
1097 2929 1310 3010 ίπποφόρβιον
1324 2933 1360 2991 τδ
1371 2933 1432 2991 τῶν

275 3033 377 3096 ίππων
391 3029 490 3093 AB:

837 3213 869 3272 Γ.

322 3350 347 3394 1.
372 3336 388 3366 “
402 3329 494 3411 αὐτάρ
507 3328 523 3355 ”
549 3332 717 3410 σύνδεσμος
740 3339 964 3413 συμπλεκτικδς
986 3336 1176 3412 ἰσοδυναμῶν
1198 3333 1239 3418 τῶ
1268 3332 1311 3410 δέ,
1337 3333 1429 3420 ταύτῃ

228 3475 231 3478 -
276 3436 308 3498 δὲ
339 3432 491 3515 διαφέρων
518 3433 616 3511 αύποῶ,
639 3431 657 3513 ᾖ
680 3436 697 3497 ό
718 3435 774 3514 μὲν
797 3444 816 3472 “
829 3436 949 3518 αύτάρ”
972 3433 1182 3516 προτάσσεται
1206 3436 1224 3498 ό
1244 3438 1279 3500 δὲ
1301 3435 1336 3500 δέ
1357 3438 1429 3501 ὑπο·

224 3571 262 3629 30
275 3536 424 3603 τάσσεται
436 3537 505 3599 A:

395 3638 562 3731 κόσμηθεν]
582 3647 724 3724 Δωρικῶς
739 3643 806 3712 Αἰ·

395 3743 447 3823 ἅμ’
461 3742 680 3833 ἡγεμόνεσσιν]
697 3744 763 3824 ἤτοι
778 3746 836 3809 ὑπὸ
851 3752 911 3810 τῶν
925 3746 1084 3828 ἡγεμόνων
1098 3743 1117 3825 ἦ
1133 3746 1192 3811 σὺν
1207 3750 1271 3813 τοῖς

319 3867 349 3933 3.
373 3849 514 3930 οὐρανόθι
530 3845 603 3936 πρό]
621 3855 679 3931 πρὸ
695 3854 747 3913 τοῦ
763 3848 848 3931 ἀέρος

319 3972 350 4030 4.
372 3948 522 4039 χειμῶνα]
539 3952 592 4017 τὸν
606 3959 780 4036 χειμερινὸν
794 3954 889 4017 τόπον
904 3952 971 4032 ἤτοι
986 3954 1042 4033 τὴν
1053 3952 1179 4038 Θράκην
1189 3954 1257 4022 A÷
1440 4022 1445 4029 ,

222 4071 262 4134 35
320 4056 351 4118 6.
375 4052 577 4143 Πυγμαίοισι]
601 4058 789 4140 πυγονιαίοις
811 4057 948 4140 πηχέοις,
974 4056 1042 4136 ἤτοι
1067 4057 1128 4122 άπδ
1154 4058 1314 4139 Πυγμαίου
1336 4065 1432 4138 βασι·

275 4158 355 4226 λέως
379 4159 455 4222 οθτω
482 4159 685 4239 κεκλημένοις·
713 4161 817 4242 πνγδιν
839 4163 872 4224 δὲ
895 4165 1032 4225 καλεῖται
1055 4163 1072 4223 ό
1094 4164 1203 4244 πῆχνς,
1229 4167 1265 4225 τδ
1288 4163 1351 4225 δπδ
1374 4162 1430 4245 dy-

277 4269 371 4330 κῶνος
386 4261 443 4329 ἕως
458 4263 614 4328 δακτύλων
628 4267 681 4343 τῆς
695 4264 799 4347 χειρὸς
814 4264 974 4344 διάστημα.
1008 4264 1075 4329 ἔστι
1098 4267 1132 4329 δέ
1153 4264 1240 4331 έθνος
1254 4271 1432 4347 γεωργικῶν
1487 4286 1491 4293 ’

276 4367 443 4448 ἀνθρώπων
461 4373 576 4450 μικρῶν
599 4368 816 4435 κατοικούντων
836 4371 881 4436 εἰς
900 4371 938 4432 τδ
957 4366 1099 4434 ἀνωτάτω
1113 4366 1188 4449 μέρη
1205 4369 1257 4445 τῆς
1273 4368 1432 4450 Αἰγύπτου

269 4497 449 4634 haffn&
461 4514 527 4565 AD:
546 4511 592 4577 τρδ
604 4519 615 4575 u
629 4524 651 4579 7.
663 4520 780 4580 αοςτορίιι
798 4519 808 4575 ΙΙ
829 4528 866 4575 20,
882 4527 921 4564 τι.
932 4511 1075 4563 δασύνονται
1092 4518 1102 4574 n
1118 4527 1155 4578 ²9.
1167 4513 1233 4576 αὐτῷ
1248 4517 1259 4574 ΙΙ
1272 4524 1312 4576 35.
1330 4529 1431 4577 σνγονι·
