<?xml version="1.0" encoding="UTF-8"?>
<!DOCTYPE html PUBLIC "-//W3C//DTD XHTML 1.0 Transitional//EN"
    "http://www.w3.org/TR/xhtml1/DTD/xhtml1-transitional.dtd">
<html xmlns="http://www.w3.org/1999/xhtml" xml:lang="en" lang="en">
 <head>
  <title>
</title>
<meta http-equiv="Content-Type" content="text/html;charset=utf-8" />
  <meta name='ocr-system' content='tesseract 3.04.00' />
  <meta name='ocr-capabilities' content='ocr_page ocr_carea ocr_par ocr_line ocrx_word'/>
</head>
<body>
  <div class='ocr_page' id='page_1' title='image "./scholiagraecain00dindgoog_0019.png"; bbox 0 0 3000 5040; ppageno 0'>
   <div class='ocr_carea' id='block_1_1' title="bbox 645 252 932 336">
    <p class='ocr_par' dir='ltr' id='par_1_1' title="bbox 645 252 932 336">
     <span class='ocr_line' id='line_1_1' title="bbox 645 252 932 336; baseline 0.007 -20"><span class='ocrx_word' id='word_1_1' title='bbox 645 333 647 336; x_wconf 7' lang='grc' dir='ltr'><em>Α</em></span> <span class='ocrx_word' id='word_1_2' title='bbox 668 252 932 318; x_wconf 73' lang='lat' dir='ltr'>PRAEFATIO.</span> 
     </span>
    </p>
   </div>
   <div class='ocr_carea' id='block_1_2' title="bbox 775 591 822 666">
    <p class='ocr_par' dir='ltr' id='par_1_2' title="bbox 775 591 822 666">
     <span class='ocr_line' id='line_1_2' title="bbox 775 591 822 666; baseline 0.043 -2"><span class='ocrx_word' id='word_1_3' title='bbox 775 591 822 666; x_wconf 89' lang='grc' dir='ltr'>Λ.</span> 
     </span>
    </p>
   </div>
   <div class='ocr_carea' id='block_1_3' title="bbox 117 749 1376 3784">
    <p class='ocr_par' dir='ltr' id='par_1_3' title="bbox 221 749 1376 1205">
     <span class='ocr_line' id='line_1_3' title="bbox 278 749 1376 854; baseline -0.004 -25"><span class='ocrx_word' id='word_1_4' title='bbox 278 761 358 850; x_wconf 87' lang='lat'>167.</span> <span class='ocrx_word' id='word_1_5' title='bbox 385 785 453 824; x_wconf 91' lang='grc' dir='ltr'>καπ</span> <span class='ocrx_word' id='word_1_6' title='bbox 469 749 597 852; x_wconf 90' lang='grc' dir='ltr'>πεδίον]</span> <span class='ocrx_word' id='word_1_7' title='bbox 621 754 650 825; x_wconf 85' lang='grc' dir='ltr'>εἶ</span> <span class='ocrx_word' id='word_1_8' title='bbox 675 753 706 824; x_wconf 90' lang='grc' dir='ltr'>ε’ν</span> <span class='ocrx_word' id='word_1_9' title='bbox 723 758 773 845; x_wconf 71' lang='grc' dir='ltr'>τῷ</span> <span class='ocrx_word' id='word_1_10' title='bbox 787 754 877 845; x_wconf 80' lang='grc' dir='ltr'>με’σφ</span> <span class='ocrx_word' id='word_1_11' title='bbox 897 758 960 825; x_wconf 90' lang='grc' dir='ltr'>τοῦ</span> <span class='ocrx_word' id='word_1_12' title='bbox 982 752 1093 824; x_wconf 84' lang='grc' dir='ltr'>πεδίον</span> <span class='ocrx_word' id='word_1_13' title='bbox 1113 755 1131 825; x_wconf 94' lang='lat'>6</span> <span class='ocrx_word' id='word_1_14' title='bbox 1155 754 1283 854; x_wconf 85' lang='grc' dir='ltr'>ε’ρινεός,</span> <span class='ocrx_word' id='word_1_15' title='bbox 1307 758 1376 832; x_wconf 81' lang='grc' dir='ltr'>πῶς</span> 
     </span>
     <span class='ocr_line' id='line_1_4' title="bbox 224 869 1376 971; baseline 0.001 -30"><span class='ocrx_word' id='word_1_16' title='bbox 224 875 309 969; x_wconf 86' lang='grc' dir='ltr'>φησι</span> <span class='ocrx_word' id='word_1_17' title='bbox 329 869 441 942; x_wconf 87' lang='grc' dir='ltr'>“λαδν</span> <span class='ocrx_word' id='word_1_18' title='bbox 464 869 499 943; x_wconf 77' lang='grc' dir='ltr'>δὲ</span> <span class='ocrx_word' id='word_1_19' title='bbox 521 877 650 952; x_wconf 79' lang='grc' dir='ltr'>στῆσον</span> <span class='ocrx_word' id='word_1_20' title='bbox 673 871 754 968; x_wconf 90' lang='grc' dir='ltr'>παρ’</span> <span class='ocrx_word' id='word_1_21' title='bbox 771 870 919 966; x_wconf 85' lang='grc' dir='ltr'>ε’ρινεόν”</span> <span class='ocrx_word' id='word_1_22' title='bbox 936 870 969 941; x_wconf 81' lang='grc' dir='ltr'>ἕν</span> <span class='ocrx_word' id='word_1_23' title='bbox 991 877 1035 965; x_wconf 74' lang='grc' dir='ltr'>τῇ</span> <span class='ocrx_word' id='word_1_24' title='bbox 1057 869 1088 944; x_wconf 89' lang='grc' dir='ltr'><strong>Ζ</strong></span> <span class='ocrx_word' id='word_1_25' title='bbox 1106 870 1235 969; x_wconf 80' lang='lat'>(433);</span> <span class='ocrx_word' id='word_1_26' title='bbox 1260 869 1376 971; x_wconf 81' lang='grc' dir='ltr'>βραχύ</span> 
     </span>
     <span class='ocr_line' id='line_1_5' title="bbox 223 985 1373 1085; baseline 0 -26"><span class='ocrx_word' id='word_1_27' title='bbox 223 985 276 1059; x_wconf 84' lang='grc' dir='ltr'>υύν</span> <span class='ocrx_word' id='word_1_28' title='bbox 299 985 522 1060; x_wconf 80' lang='grc' dir='ltr'>διασταλτὲον</span> <span class='ocrx_word' id='word_1_29' title='bbox 544 987 600 1059; x_wconf 80' lang='grc' dir='ltr'>ε’πί</span> <span class='ocrx_word' id='word_1_30' title='bbox 621 985 664 1060; x_wconf 87' lang='grc' dir='ltr'>τδ</span> <span class='ocrx_word' id='word_1_31' title='bbox 684 998 706 1029; x_wconf 89' lang='grc'><strong>“</strong></span> <span class='ocrx_word' id='word_1_32' title='bbox 719 985 875 1060; x_wconf 86' lang='grc' dir='ltr'>πεδιόν·”</span> <span class='ocrx_word' id='word_1_33' title='bbox 902 987 934 1058; x_wconf 84' lang='grc' dir='ltr'>ἕν</span> <span class='ocrx_word' id='word_1_34' title='bbox 956 988 1047 1079; x_wconf 82' lang='grc' dir='ltr'>με’σῳ</span> <span class='ocrx_word' id='word_1_35' title='bbox 1064 986 1133 1085; x_wconf 77' lang='grc' dir='ltr'>γὰρ</span> <span class='ocrx_word' id='word_1_36' title='bbox 1151 989 1188 1073; x_wconf 77' lang='grc' dir='ltr'>ἦν</span> <span class='ocrx_word' id='word_1_37' title='bbox 1204 987 1247 1061; x_wconf 87' lang='grc' dir='ltr'>τδ</span> <span class='ocrx_word' id='word_1_38' title='bbox 1270 997 1373 1077; x_wconf 77' lang='grc' dir='ltr'>σῆμα,</span> 
     </span>
     <span class='ocr_line' id='line_1_6' title="bbox 221 1102 1374 1205; baseline 0.002 -29"><span class='ocrx_word' id='word_1_39' title='bbox 221 1105 295 1176; x_wconf 81' lang='grc' dir='ltr'>ὅθεν</span> <span class='ocrx_word' id='word_1_40' title='bbox 320 1105 373 1176; x_wconf 81' lang='grc' dir='ltr'>καί</span> <span class='ocrx_word' id='word_1_41' title='bbox 398 1102 621 1204; x_wconf 76' lang='grc' dir='ltr'>Ἀλέξανδρος</span> <span class='ocrx_word' id='word_1_42' title='bbox 645 1105 769 1202; x_wconf 79' lang='grc' dir='ltr'>τοξεύει</span> <span class='ocrx_word' id='word_1_43' title='bbox 789 1102 893 1203; x_wconf 77' lang='grc'>(371)</span> <span class='ocrx_word' id='word_1_44' title='bbox 912 1104 964 1176; x_wconf 82' lang='grc' dir='ltr'>καί</span> <span class='ocrx_word' id='word_1_45' title='bbox 984 1104 1123 1204; x_wconf 79' lang='grc' dir='ltr'>Ἕκτωρ</span> <span class='ocrx_word' id='word_1_46' title='bbox 1143 1107 1291 1194; x_wconf 77' lang='grc' dir='ltr'>βουλεύει</span> <span class='ocrx_word' id='word_1_47' title='bbox 1312 1103 1374 1205; x_wconf 83' lang='lat' dir='ltr'>(Il.</span> 
     </span>
    </p>

    <p class='ocr_par' dir='ltr' id='par_1_4' title="bbox 188 1217 1048 1321">
     <span class='ocr_line' id='line_1_7' title="bbox 188 1217 1048 1321; baseline -0.001 -26"><span class='ocrx_word' id='word_1_48' title='bbox 188 1241 207 1301; x_wconf 86' lang='lat'><strong>5</strong></span> <span class='ocrx_word' id='word_1_49' title='bbox 226 1244 279 1295; x_wconf 93' lang='lat'>10.</span> <span class='ocrx_word' id='word_1_50' title='bbox 300 1217 400 1320; x_wconf 85' lang='lat'>414),</span> <span class='ocrx_word' id='word_1_51' title='bbox 419 1222 437 1293; x_wconf 86' lang='lat'>6</span> <span class='ocrx_word' id='word_1_52' title='bbox 456 1220 491 1293; x_wconf 77' lang='grc' dir='ltr'>δὲ</span> <span class='ocrx_word' id='word_1_53' title='bbox 505 1219 622 1317; x_wconf 89' lang='grc' dir='ltr'>ε’ρινεδς</span> <span class='ocrx_word' id='word_1_54' title='bbox 639 1220 731 1321; x_wconf 79' lang='grc' dir='ltr'>παρὰ</span> <span class='ocrx_word' id='word_1_55' title='bbox 748 1220 792 1295; x_wconf 88' lang='grc' dir='ltr'>τδ</span> <span class='ocrx_word' id='word_1_56' title='bbox 809 1232 922 1318; x_wconf 85' lang='grc' dir='ltr'>τεῖχος</span> <span class='ocrx_word' id='word_1_57' title='bbox 939 1220 1048 1302; x_wconf 83' lang='lat' dir='ltr'>AT÷</span> 
     </span>
    </p>

    <p class='ocr_par' dir='ltr' id='par_1_5' title="bbox 217 1336 1375 1791">
     <span class='ocr_line' id='line_1_8' title="bbox 275 1336 1375 1438; baseline -0.001 -26"><span class='ocrx_word' id='word_1_58' title='bbox 275 1359 356 1433; x_wconf 88' lang='lat'>174.</span> <span class='ocrx_word' id='word_1_59' title='bbox 384 1342 429 1434; x_wconf 73' lang='grc' dir='ltr'>τῇ</span> <span class='ocrx_word' id='word_1_60' title='bbox 450 1338 484 1412; x_wconf 73' lang='grc' dir='ltr'>δύ</span> <span class='ocrx_word' id='word_1_61' title='bbox 506 1342 539 1411; x_wconf 82' lang='grc' dir='ltr'>τ’</span> <span class='ocrx_word' id='word_1_62' title='bbox 557 1336 604 1437; x_wconf 72' lang='grc' dir='ltr'>ι’ᾖ]</span> <span class='ocrx_word' id='word_1_63' title='bbox 626 1341 666 1418; x_wconf 83' lang='grc' dir='ltr'>ὡς</span> <span class='ocrx_word' id='word_1_64' title='bbox 687 1336 754 1438; x_wconf 84' lang='grc' dir='ltr'>γδρ</span> <span class='ocrx_word' id='word_1_65' title='bbox 779 1342 797 1411; x_wconf 93' lang='lat'>6</span> <span class='ocrx_word' id='word_1_66' title='bbox 822 1339 912 1424; x_wconf 81' lang='grc' dir='ltr'>λε’ωυ,</span> <span class='ocrx_word' id='word_1_67' title='bbox 939 1340 1035 1438; x_wconf 87' lang='grc' dir='ltr'>φησί,</span> <span class='ocrx_word' id='word_1_68' title='bbox 1054 1342 1160 1438; x_wconf 87' lang='grc' dir='ltr'>φοβεῖ</span> <span class='ocrx_word' id='word_1_69' title='bbox 1181 1338 1240 1425; x_wconf 73' lang='grc' dir='ltr'>μὲν</span> <span class='ocrx_word' id='word_1_70' title='bbox 1264 1337 1375 1419; x_wconf 81' lang='grc' dir='ltr'>πύσας</span> 
     </span>
     <span class='ocr_line' id='line_1_9' title="bbox 219 1455 1373 1553; baseline 0 -25"><span class='ocrx_word' id='word_1_71' title='bbox 219 1455 282 1534; x_wconf 78' lang='grc' dir='ltr'>τὰς</span> <span class='ocrx_word' id='word_1_72' title='bbox 314 1458 406 1544; x_wconf 91' lang='grc' dir='ltr'>βοῦς,</span> <span class='ocrx_word' id='word_1_73' title='bbox 439 1456 553 1528; x_wconf 89' lang='grc' dir='ltr'>κτείνει</span> <span class='ocrx_word' id='word_1_74' title='bbox 588 1455 622 1527; x_wconf 80' lang='grc' dir='ltr'>δὲ</span> <span class='ocrx_word' id='word_1_75' title='bbox 655 1457 716 1539; x_wconf 71' lang='grc' dir='ltr'>τὴν</span> <span class='ocrx_word' id='word_1_76' title='bbox 750 1457 894 1540; x_wconf 78' lang='grc' dir='ltr'>πλησίον</span> <span class='ocrx_word' id='word_1_77' title='bbox 936 1455 1169 1553; x_wconf 83' lang='grc' dir='ltr'>εύρισκομένην,</span> <span class='ocrx_word' id='word_1_78' title='bbox 1201 1455 1286 1530; x_wconf 89' lang='grc' dir='ltr'>ούτω</span> <span class='ocrx_word' id='word_1_79' title='bbox 1319 1458 1373 1528; x_wconf 74' lang='grc' dir='ltr'>καί</span> 
     </span>
     <span class='ocr_line' id='line_1_10' title="bbox 217 1570 1375 1671; baseline 0.002 -28"><span class='ocrx_word' id='word_1_80' title='bbox 217 1571 439 1666; x_wconf 75' lang='grc' dir='ltr'>Ἀγαμέμνων</span> <span class='ocrx_word' id='word_1_81' title='bbox 468 1571 576 1644; x_wconf 80' lang='grc' dir='ltr'>ἐδίωκε</span> <span class='ocrx_word' id='word_1_82' title='bbox 605 1571 664 1659; x_wconf 72' lang='grc' dir='ltr'>μὲν</span> <span class='ocrx_word' id='word_1_83' title='bbox 689 1571 829 1657; x_wconf 77' lang='grc' dir='ltr'>πάντας,</span> <span class='ocrx_word' id='word_1_84' title='bbox 859 1570 966 1671; x_wconf 71' lang='grc' dir='ltr'>ἆνῇρει</span> <span class='ocrx_word' id='word_1_85' title='bbox 996 1573 1031 1644; x_wconf 73' lang='grc' dir='ltr'>δὲ</span> <span class='ocrx_word' id='word_1_86' title='bbox 1059 1573 1096 1645; x_wconf 75' lang='grc' dir='ltr'>ὃν</span> <span class='ocrx_word' id='word_1_87' title='bbox 1122 1571 1375 1662; x_wconf 76' lang='grc' dir='ltr'>κατελάμβανεν</span> 
     </span>
     <span class='ocr_line' id='line_1_11' title="bbox 220 1689 1375 1791; baseline 0.002 -32"><span class='ocrx_word' id='word_1_88' title='bbox 220 1692 434 1786; x_wconf 80' lang='grc' dir='ltr'>ὑστεροῦνται</span> <span class='ocrx_word' id='word_1_89' title='bbox 456 1689 545 1763; x_wconf 86' lang='lat' dir='ltr'>T=.</span> <span class='ocrx_word' id='word_1_90' title='bbox 588 1689 616 1791; x_wconf 62' lang='grc' dir='ltr'>δ.</span> <span class='ocrx_word' id='word_1_91' title='bbox 647 1689 847 1784; x_wconf 80' lang='grc' dir='ltr'>“ἆμολγῷ”</span> <span class='ocrx_word' id='word_1_92' title='bbox 866 1689 900 1763; x_wconf 74' lang='grc' dir='ltr'>δὲ</span> <span class='ocrx_word' id='word_1_93' title='bbox 924 1694 973 1783; x_wconf 75' lang='grc' dir='ltr'>τῷ</span> <span class='ocrx_word' id='word_1_94' title='bbox 997 1694 1157 1789; x_wconf 79' lang='grc' dir='ltr'>ἑσπερινῲ</span> <span class='ocrx_word' id='word_1_95' title='bbox 1180 1699 1238 1773; x_wconf 76' lang='grc' dir='ltr'>τῆς</span> <span class='ocrx_word' id='word_1_96' title='bbox 1264 1689 1375 1769; x_wconf 87' lang='grc' dir='ltr'>νυκτδς</span> 
     </span>
    </p>

    <p class='ocr_par' dir='ltr' id='par_1_6' title="bbox 117 1797 1375 2018">
     <span class='ocr_line' id='line_1_12' title="bbox 117 1797 1375 1906; baseline 0.001 -29"><span class='ocrx_word' id='word_1_97' title='bbox 117 1797 121 1802; x_wconf 37' lang='grc'><strong>’</strong></span> <span class='ocrx_word' id='word_1_98' title='bbox 171 1828 208 1870; x_wconf 87' lang='lat'>10</span> <span class='ocrx_word' id='word_1_99' title='bbox 221 1811 331 1904; x_wconf 77' lang='grc' dir='ltr'>καιρῷ,</span> <span class='ocrx_word' id='word_1_100' title='bbox 357 1809 390 1878; x_wconf 88' lang='grc' dir='ltr'>ε’ν</span> <span class='ocrx_word' id='word_1_101' title='bbox 416 1805 442 1899; x_wconf 73' lang='grc' dir='ltr'>ᾧ</span> <span class='ocrx_word' id='word_1_102' title='bbox 465 1808 680 1901; x_wconf 81' lang='grc' dir='ltr'>ἆμὲλγουσιν·</span> <span class='ocrx_word' id='word_1_103' title='bbox 709 1807 794 1880; x_wconf 78' lang='grc' dir='ltr'>τότε</span> <span class='ocrx_word' id='word_1_104' title='bbox 820 1805 890 1904; x_wconf 81' lang='grc' dir='ltr'>γδρ</span> <span class='ocrx_word' id='word_1_105' title='bbox 917 1809 936 1878; x_wconf 90' lang='lat'>6</span> <span class='ocrx_word' id='word_1_106' title='bbox 963 1808 1043 1879; x_wconf 79' lang='grc' dir='ltr'>λε’ων</span> <span class='ocrx_word' id='word_1_107' title='bbox 1068 1818 1140 1885; x_wconf 89' lang='grc' dir='ltr'>τοῖς</span> <span class='ocrx_word' id='word_1_108' title='bbox 1165 1805 1375 1906; x_wconf 80' lang='grc' dir='ltr'>τετρύποσιν</span> 
     </span>
     <span class='ocr_line' id='line_1_13' title="bbox 220 1923 770 2018; baseline 0.005 -23"><span class='ocrx_word' id='word_1_109' title='bbox 220 1925 441 2012; x_wconf 68' lang='grc' dir='ltr'>ἐπιβουλεύειν</span> <span class='ocrx_word' id='word_1_110' title='bbox 457 1927 596 2018; x_wconf 85' lang='grc' dir='ltr'>λε’γεται</span> <span class='ocrx_word' id='word_1_111' title='bbox 614 1923 689 2005; x_wconf 79' lang='grc' dir='ltr'>Α-Ι-</span> <span class='ocrx_word' id='word_1_112' title='bbox 699 1923 729 1998; x_wconf 85' lang='grc' dir='ltr'><strong>Τ</strong></span> <span class='ocrx_word' id='word_1_113' title='bbox 741 1960 770 1984; x_wconf 94' lang='lat'>=</span> 
     </span>
    </p>

    <p class='ocr_par' dir='ltr' id='par_1_7' title="bbox 219 2038 1373 2375">
     <span class='ocr_line' id='line_1_14' title="bbox 277 2038 1372 2140; baseline 0 -26"><span class='ocrx_word' id='word_1_114' title='bbox 277 2045 358 2115; x_wconf 87' lang='lat'>181.</span> <span class='ocrx_word' id='word_1_115' title='bbox 383 2038 464 2138; x_wconf 71' lang='grc' dir='ltr'>πόχ’</span> <span class='ocrx_word' id='word_1_116' title='bbox 481 2040 637 2140; x_wconf 79' lang='grc' dir='ltr'>ἔμελλον]</span> <span class='ocrx_word' id='word_1_117' title='bbox 662 2041 701 2115; x_wconf 92' lang='grc' dir='ltr'>δι’</span> <span class='ocrx_word' id='word_1_118' title='bbox 719 2042 843 2135; x_wconf 80' lang='grc' dir='ltr'>ὀλίγων</span> <span class='ocrx_word' id='word_1_119' title='bbox 866 2039 1028 2140; x_wconf 80' lang='grc' dir='ltr'>εύφρύνας</span> <span class='ocrx_word' id='word_1_120' title='bbox 1050 2039 1111 2114; x_wconf 88' lang='grc' dir='ltr'>τδν</span> <span class='ocrx_word' id='word_1_121' title='bbox 1128 2043 1293 2139; x_wconf 79' lang='grc' dir='ltr'>εἰκροατην</span> <span class='ocrx_word' id='word_1_122' title='bbox 1318 2043 1372 2115; x_wconf 70' lang='grc' dir='ltr'>ἐπὶ</span> 
     </span>
     <span class='ocr_line' id='line_1_15' title="bbox 220 2156 1373 2259; baseline 0.002 -28"><span class='ocrx_word' id='word_1_123' title='bbox 220 2156 265 2231; x_wconf 83' lang='grc' dir='ltr'>τδ</span> <span class='ocrx_word' id='word_1_124' title='bbox 289 2156 459 2230; x_wconf 79' lang='grc' dir='ltr'>συνεκτικὰ</span> <span class='ocrx_word' id='word_1_125' title='bbox 475 2160 619 2256; x_wconf 69' lang='grc' dir='ltr'>ἔρχεται·</span> <span class='ocrx_word' id='word_1_126' title='bbox 650 2159 698 2231; x_wconf 84' lang='grc' dir='ltr'>δεῖ</span> <span class='ocrx_word' id='word_1_127' title='bbox 719 2157 788 2259; x_wconf 76' lang='grc' dir='ltr'>γὰρ</span> <span class='ocrx_word' id='word_1_128' title='bbox 809 2164 1025 2232; x_wconf 84' lang='grc' dir='ltr'>συνωθεΐσθαι</span> <span class='ocrx_word' id='word_1_129' title='bbox 1047 2158 1125 2238; x_wconf 86' lang='grc' dir='ltr'>τούς</span> <span class='ocrx_word' id='word_1_130' title='bbox 1147 2158 1308 2259; x_wconf 86' lang='grc' dir='ltr'>Ἀχαιούς</span> <span class='ocrx_word' id='word_1_131' title='bbox 1331 2164 1373 2239; x_wconf 85' lang='grc' dir='ltr'>είς</span> 
     </span>
     <span class='ocr_line' id='line_1_16' title="bbox 219 2273 633 2375; baseline 0 -29"><span class='ocrx_word' id='word_1_132' title='bbox 219 2275 280 2359; x_wconf 75' lang='grc' dir='ltr'>την</span> <span class='ocrx_word' id='word_1_133' title='bbox 296 2273 410 2370; x_wconf 76' lang='grc' dir='ltr'>ἔξοδον</span> <span class='ocrx_word' id='word_1_134' title='bbox 428 2274 633 2375; x_wconf 84' lang='grc' dir='ltr'>Πατρόκλου</span> 
     </span>
    </p>

    <p class='ocr_par' dir='ltr' id='par_1_8' title="bbox 171 2389 1373 2591">
     <span class='ocr_line' id='line_1_17' title="bbox 171 2389 1373 2493; baseline 0.008 -33"><span class='ocrx_word' id='word_1_135' title='bbox 171 2415 207 2476; x_wconf 87' lang='lat'>15</span> <span class='ocrx_word' id='word_1_136' title='bbox 277 2397 356 2484; x_wconf 89' lang='lat'>184.</span> <span class='ocrx_word' id='word_1_137' title='bbox 383 2389 566 2492; x_wconf 71' lang='grc' dir='ltr'>στεροπήν]</span> <span class='ocrx_word' id='word_1_138' title='bbox 592 2395 737 2491; x_wconf 82' lang='grc' dir='ltr'>ὄργανόν</span> <span class='ocrx_word' id='word_1_139' title='bbox 761 2427 796 2467; x_wconf 96' lang='grc' dir='ltr'>τι</span> <span class='ocrx_word' id='word_1_140' title='bbox 822 2395 869 2484; x_wconf 72' lang='grc' dir='ltr'>ἦν,</span> <span class='ocrx_word' id='word_1_141' title='bbox 894 2395 977 2491; x_wconf 81' lang='grc' dir='ltr'>ὅπερ</span> <span class='ocrx_word' id='word_1_142' title='bbox 1003 2391 1168 2467; x_wconf 81' lang='grc' dir='ltr'>τινύσσωυ</span> <span class='ocrx_word' id='word_1_143' title='bbox 1194 2392 1373 2493; x_wconf 73' lang='grc' dir='ltr'>δστραπδς</span> 
     </span>
     <span class='ocr_line' id='line_1_18' title="bbox 220 2508 496 2591; baseline 0.014 -11"><span class='ocrx_word' id='word_1_144' title='bbox 220 2511 323 2582; x_wconf 74' lang='grc' dir='ltr'>ἐποίει</span> <span class='ocrx_word' id='word_1_145' title='bbox 341 2508 496 2591; x_wconf 79' lang='lat' dir='ltr'>A†T=</span> 
     </span>
    </p>

    <p class='ocr_par' dir='ltr' id='par_1_9' title="bbox 218 2625 1373 2958">
     <span class='ocr_line' id='line_1_19' title="bbox 276 2625 1373 2729; baseline -0.001 -27"><span class='ocrx_word' id='word_1_146' title='bbox 276 2631 354 2722; x_wconf 90' lang='lat'>187.</span> <span class='ocrx_word' id='word_1_147' title='bbox 381 2630 439 2713; x_wconf 79' lang='grc' dir='ltr'>μέν</span> <span class='ocrx_word' id='word_1_148' title='bbox 464 2661 516 2701; x_wconf 89' lang='grc' dir='ltr'>κεν</span> <span class='ocrx_word' id='word_1_149' title='bbox 541 2625 620 2727; x_wconf 79' lang='grc' dir='ltr'>ὁρᾷ]</span> <span class='ocrx_word' id='word_1_150' title='bbox 644 2626 777 2723; x_wconf 67' lang='grc' dir='ltr'>ύψωσιν</span> <span class='ocrx_word' id='word_1_151' title='bbox 806 2630 951 2729; x_wconf 73' lang='grc' dir='ltr'>περιέχει</span> <span class='ocrx_word' id='word_1_152' title='bbox 984 2630 1003 2701; x_wconf 88' lang='lat'>6</span> <span class='ocrx_word' id='word_1_153' title='bbox 1029 2629 1146 2723; x_wconf 86' lang='grc' dir='ltr'>λόγος,</span> <span class='ocrx_word' id='word_1_154' title='bbox 1171 2632 1212 2708; x_wconf 78' lang='grc' dir='ltr'>ὡς</span> <span class='ocrx_word' id='word_1_155' title='bbox 1232 2631 1285 2701; x_wconf 78' lang='grc' dir='ltr'>καὶ</span> <span class='ocrx_word' id='word_1_156' title='bbox 1310 2636 1373 2703; x_wconf 89' lang='grc' dir='ltr'>τοῦ</span> 
     </span>
     <span class='ocr_line' id='line_1_20' title="bbox 220 2744 1373 2847; baseline 0.002 -30"><span class='ocrx_word' id='word_1_157' title='bbox 220 2750 296 2818; x_wconf 87' lang='grc' dir='ltr'>θεοῦ</span> <span class='ocrx_word' id='word_1_158' title='bbox 329 2752 565 2842; x_wconf 74' lang='grc' dir='ltr'>παραινοῦντος</span> <span class='ocrx_word' id='word_1_159' title='bbox 600 2751 648 2839; x_wconf 75' lang='grc' dir='ltr'>τῷ</span> <span class='ocrx_word' id='word_1_160' title='bbox 686 2748 944 2832; x_wconf 77' lang='grc' dir='ltr'>ἀπονενοημένως</span> <span class='ocrx_word' id='word_1_161' title='bbox 978 2744 1183 2819; x_wconf 86' lang='grc' dir='ltr'>κινδυνεύοντι</span> <span class='ocrx_word' id='word_1_162' title='bbox 1223 2748 1373 2847; x_wconf 82' lang='grc' dir='ltr'>(ἆναχω-</span> 
     </span>
     <span class='ocr_line' id='line_1_21' title="bbox 218 2861 431 2958; baseline 0.019 -26"><span class='ocrx_word' id='word_1_163' title='bbox 218 2868 339 2958; x_wconf 78' lang='grc' dir='ltr'>ρῆσαι)</span> <span class='ocrx_word' id='word_1_164' title='bbox 360 2861 431 2936; x_wconf 85' lang='grc' dir='ltr'>Τ--</span> 
     </span>
    </p>

    <p class='ocr_par' dir='ltr' id='par_1_10' title="bbox 169 2977 1370 3309">
     <span class='ocr_line' id='line_1_22' title="bbox 169 2977 1370 3082; baseline 0.007 -38"><span class='ocrx_word' id='word_1_165' title='bbox 169 3004 208 3045; x_wconf 76' lang='grc' dir='ltr'>το</span> <span class='ocrx_word' id='word_1_166' title='bbox 277 3004 358 3072; x_wconf 87' lang='grc'>191.</span> <span class='ocrx_word' id='word_1_167' title='bbox 383 2981 402 3064; x_wconf 66' lang='grc' dir='ltr'>δη</span> <span class='ocrx_word' id='word_1_168' title='bbox 427 2978 605 3080; x_wconf 70' lang='grc' dir='ltr'>βλήμενος]</span> <span class='ocrx_word' id='word_1_169' title='bbox 632 2980 834 3076; x_wconf 78' lang='grc' dir='ltr'>ἆξιοπίστως</span> <span class='ocrx_word' id='word_1_170' title='bbox 860 2977 1081 3082; x_wconf 73' lang='grc' dir='ltr'>ε’πιδιστύζων</span> <span class='ocrx_word' id='word_1_171' title='bbox 1107 2982 1219 3080; x_wconf 85' lang='grc' dir='ltr'>φησίν·</span> <span class='ocrx_word' id='word_1_172' title='bbox 1240 2979 1284 3056; x_wconf 86' lang='grc' dir='ltr'>τδ</span> <span class='ocrx_word' id='word_1_173' title='bbox 1303 2979 1370 3081; x_wconf 73' lang='grc' dir='ltr'>γὰρ</span> 
     </span>
     <span class='ocr_line' id='line_1_23' title="bbox 221 3093 1370 3195; baseline 0.002 -28"><span class='ocrx_word' id='word_1_174' title='bbox 221 3093 342 3194; x_wconf 78' lang='grc' dir='ltr'>ὁρίζειν</span> <span class='ocrx_word' id='word_1_175' title='bbox 359 3100 400 3174; x_wconf 79' lang='grc' dir='ltr'>ὡς</span> <span class='ocrx_word' id='word_1_176' title='bbox 418 3102 625 3195; x_wconf 77' lang='grc' dir='ltr'>τρωθήσεται</span> <span class='ocrx_word' id='word_1_177' title='bbox 649 3099 785 3176; x_wconf 93' lang='grc' dir='ltr'>λύοντος</span> <span class='ocrx_word' id='word_1_178' title='bbox 806 3097 889 3189; x_wconf 71' lang='grc' dir='ltr'>(ἂν)</span> <span class='ocrx_word' id='word_1_179' title='bbox 909 3099 946 3182; x_wconf 71' lang='grc' dir='ltr'>δυ</span> <span class='ocrx_word' id='word_1_180' title='bbox 962 3097 1005 3172; x_wconf 87' lang='grc' dir='ltr'>τδ</span> <span class='ocrx_word' id='word_1_181' title='bbox 1028 3099 1155 3183; x_wconf 71' lang='grc' dir='ltr'>με’λλον</span> <span class='ocrx_word' id='word_1_182' title='bbox 1175 3096 1370 3192; x_wconf 77' lang='grc' dir='ltr'>εἰσάγεσθαι</span> 
     </span>
     <span class='ocr_line' id='line_1_24' title="bbox 221 3212 954 3309; baseline 0.005 -25"><span class='ocrx_word' id='word_1_183' title='bbox 221 3212 330 3291; x_wconf 78' lang='grc' dir='ltr'>πάθος</span> <span class='ocrx_word' id='word_1_184' title='bbox 347 3215 380 3286; x_wconf 77' lang='grc' dir='ltr'>ἐκ</span> <span class='ocrx_word' id='word_1_185' title='bbox 397 3224 455 3299; x_wconf 75' lang='grc' dir='ltr'>τῆς</span> <span class='ocrx_word' id='word_1_186' title='bbox 472 3222 535 3288; x_wconf 86' lang='grc' dir='ltr'>τοῦ</span> <span class='ocrx_word' id='word_1_187' title='bbox 550 3215 717 3305; x_wconf 72' lang='grc' dir='ltr'>βασιλέως</span> <span class='ocrx_word' id='word_1_188' title='bbox 735 3224 866 3309; x_wconf 77' lang='grc' dir='ltr'>πληγῆς</span> <span class='ocrx_word' id='word_1_189' title='bbox 883 3214 954 3288; x_wconf 87' lang='grc' dir='ltr'><strong><em>Τ·-·-</em></strong></span> 
     </span>
    </p>

    <p class='ocr_par' dir='ltr' id='par_1_11' title="bbox 220 3329 1372 3549">
     <span class='ocr_line' id='line_1_25' title="bbox 277 3329 1372 3432; baseline 0 -27"><span class='ocrx_word' id='word_1_190' title='bbox 277 3355 356 3424; x_wconf 84' lang='lat'>192.</span> <span class='ocrx_word' id='word_1_191' title='bbox 384 3329 588 3432; x_wconf 74' lang='grc' dir='ltr'>ἐγγυαλίξω]</span> <span class='ocrx_word' id='word_1_192' title='bbox 607 3335 659 3405; x_wconf 80' lang='grc' dir='ltr'>ἰ’να</span> <span class='ocrx_word' id='word_1_193' title='bbox 679 3333 723 3418; x_wconf 71' lang='grc' dir='ltr'>μὴ</span> <span class='ocrx_word' id='word_1_194' title='bbox 747 3337 938 3424; x_wconf 83' lang='grc' dir='ltr'>λυπιύμεθα,</span> <span class='ocrx_word' id='word_1_195' title='bbox 955 3335 996 3411; x_wconf 84' lang='grc' dir='ltr'>ὡς</span> <span class='ocrx_word' id='word_1_196' title='bbox 1018 3344 1089 3413; x_wconf 83' lang='grc' dir='ltr'>τοῖς</span> <span class='ocrx_word' id='word_1_197' title='bbox 1107 3333 1242 3431; x_wconf 80' lang='grc' dir='ltr'>Τρωσίν</span> <span class='ocrx_word' id='word_1_198' title='bbox 1265 3337 1372 3417; x_wconf 79' lang='grc' dir='ltr'>ἡττω-</span> 
     </span>
     <span class='ocr_line' id='line_1_26' title="bbox 220 3448 840 3549; baseline 0.005 -29"><span class='ocrx_word' id='word_1_199' title='bbox 220 3448 320 3533; x_wconf 78' lang='grc' dir='ltr'>μὲνωυ</span> <span class='ocrx_word' id='word_1_200' title='bbox 336 3455 402 3522; x_wconf 80' lang='grc' dir='ltr'>τῶν</span> <span class='ocrx_word' id='word_1_201' title='bbox 417 3449 568 3549; x_wconf 79' lang='grc' dir='ltr'>Ἀχαιῶν</span> <span class='ocrx_word' id='word_1_202' title='bbox 586 3448 676 3522; x_wconf 82' lang='grc' dir='ltr'>ἆλλδ</span> <span class='ocrx_word' id='word_1_203' title='bbox 694 3450 756 3523; x_wconf 88' lang='grc' dir='ltr'>Διί</span> <span class='ocrx_word' id='word_1_204' title='bbox 770 3450 840 3524; x_wconf 90' lang='grc' dir='ltr'>Τ--</span> 
     </span>
    </p>

    <p class='ocr_par' dir='ltr' id='par_1_12' title="bbox 170 3564 1370 3784">
     <span class='ocr_line' id='line_1_27' title="bbox 170 3564 1370 3669; baseline 0.004 -32"><span class='ocrx_word' id='word_1_205' title='bbox 170 3591 207 3652; x_wconf 80' lang='lat'>25</span> <span class='ocrx_word' id='word_1_206' title='bbox 278 3590 359 3660; x_wconf 90' lang='lat'>194.</span> <span class='ocrx_word' id='word_1_207' title='bbox 385 3566 439 3652; x_wconf 90' lang='grc' dir='ltr'>δύη</span> <span class='ocrx_word' id='word_1_208' title='bbox 462 3569 492 3640; x_wconf 89' lang='grc' dir='ltr'>τ’</span> <span class='ocrx_word' id='word_1_209' title='bbox 523 3564 645 3665; x_wconf 76' lang='grc' dir='ltr'>ἠέλιος]</span> <span class='ocrx_word' id='word_1_210' title='bbox 668 3570 721 3640; x_wconf 76' lang='grc' dir='ltr'>ἰ’να</span> <span class='ocrx_word' id='word_1_211' title='bbox 752 3567 871 3646; x_wconf 75' lang='grc' dir='ltr'>εἰδότες</span> <span class='ocrx_word' id='word_1_212' title='bbox 896 3565 957 3641; x_wconf 88' lang='grc' dir='ltr'>τδν</span> <span class='ocrx_word' id='word_1_213' title='bbox 981 3565 1093 3669; x_wconf 87' lang='grc' dir='ltr'>καιρδν</span> <span class='ocrx_word' id='word_1_214' title='bbox 1117 3575 1175 3651; x_wconf 76' lang='grc' dir='ltr'>τῆς</span> <span class='ocrx_word' id='word_1_215' title='bbox 1201 3567 1301 3653; x_wconf 74' lang='grc' dir='ltr'>ἥττης</span> <span class='ocrx_word' id='word_1_216' title='bbox 1325 3569 1370 3654; x_wconf 73' lang='grc' dir='ltr'>μη</span> 
     </span>
     <span class='ocr_line' id='line_1_28' title="bbox 221 3684 1297 3784; baseline 0.005 -30"><span class='ocrx_word' id='word_1_217' title='bbox 221 3685 348 3783; x_wconf 77' lang='grc' dir='ltr'>βαρέως</span> <span class='ocrx_word' id='word_1_218' title='bbox 364 3684 531 3768; x_wconf 82' lang='grc' dir='ltr'>ἆκούοιμεν</span> <span class='ocrx_word' id='word_1_219' title='bbox 548 3691 613 3758; x_wconf 79' lang='grc' dir='ltr'>τῶν</span> <span class='ocrx_word' id='word_1_220' title='bbox 629 3687 813 3779; x_wconf 76' lang='grc' dir='ltr'>λεγομένων</span> <span class='ocrx_word' id='word_1_221' title='bbox 829 3692 931 3758; x_wconf 81' lang='grc' dir='ltr'>κακῶν</span> <span class='ocrx_word' id='word_1_222' title='bbox 947 3686 1024 3784; x_wconf 81' lang='grc' dir='ltr'>περί</span> <span class='ocrx_word' id='word_1_223' title='bbox 1038 3686 1210 3769; x_wconf 74' lang='grc' dir='ltr'>Ἑλλήνων</span> <span class='ocrx_word' id='word_1_224' title='bbox 1227 3685 1297 3759; x_wconf 90' lang='lat' dir='ltr'>T=</span> 
     </span>
    </p>
   </div>
   <div class='ocr_carea' id='block_1_4' title="bbox 277 3796 1372 3903">
    <p class='ocr_par' dir='ltr' id='par_1_13' title="bbox 277 3796 1372 3903">
     <span class='ocr_line' id='line_1_29' title="bbox 277 3796 1372 3903; baseline -0.001 -30"><span class='ocrx_word' id='word_1_225' title='bbox 277 3804 357 3893; x_wconf 90' lang='lat'>198.</span> <span class='ocrx_word' id='word_1_226' title='bbox 382 3796 536 3900; x_wconf 78' lang='grc' dir='ltr'>ἵπποισι]</span> <span class='ocrx_word' id='word_1_227' title='bbox 561 3802 635 3900; x_wconf 86' lang='grc' dir='ltr'>ὅρα,</span> <span class='ocrx_word' id='word_1_228' title='bbox 660 3804 697 3875; x_wconf 86' lang='grc' dir='ltr'>τί</span> <span class='ocrx_word' id='word_1_229' title='bbox 720 3799 1019 3892; x_wconf 73' lang='grc' dir='ltr'>καταλαμβάνεται</span> <span class='ocrx_word' id='word_1_230' title='bbox 1049 3801 1209 3903; x_wconf 84' lang='grc' dir='ltr'>πρύττων</span> <span class='ocrx_word' id='word_1_231' title='bbox 1238 3805 1257 3874; x_wconf 89' lang='lat'>6</span> <span class='ocrx_word' id='word_1_232' title='bbox 1284 3799 1372 3900; x_wconf 82' lang='grc' dir='ltr'>βύρ-</span> 
     </span>
    </p>
   </div>
   <div class='ocr_carea' id='block_1_5' title="bbox 167 3918 1371 4372">
    <p class='ocr_par' dir='ltr' id='par_1_14' title="bbox 219 3918 1371 4131">
     <span class='ocr_line' id='line_1_30' title="bbox 220 3918 1371 4019; baseline 0.003 -30"><span class='ocrx_word' id='word_1_233' title='bbox 220 3920 344 4017; x_wconf 86' lang='grc' dir='ltr'>βαρος·</span> <span class='ocrx_word' id='word_1_234' title='bbox 377 3921 511 4004; x_wconf 80' lang='grc' dir='ltr'>ἔστηκεν</span> <span class='ocrx_word' id='word_1_235' title='bbox 534 3918 640 4019; x_wconf 87' lang='grc' dir='ltr'>εἰργδς</span> <span class='ocrx_word' id='word_1_236' title='bbox 660 3920 715 3991; x_wconf 76' lang='grc' dir='ltr'>ε’πὶ</span> <span class='ocrx_word' id='word_1_237' title='bbox 739 3926 806 3993; x_wconf 86' lang='grc' dir='ltr'>τιῦν</span> <span class='ocrx_word' id='word_1_238' title='bbox 827 3919 992 4017; x_wconf 79' lang='grc' dir='ltr'>ἁρμάτων,</span> <span class='ocrx_word' id='word_1_239' title='bbox 1009 3925 1095 4005; x_wconf 73' lang='grc' dir='ltr'>μήτε</span> <span class='ocrx_word' id='word_1_240' title='bbox 1111 3925 1267 4005; x_wconf 83' lang='grc' dir='ltr'>πολεμιῦν</span> <span class='ocrx_word' id='word_1_241' title='bbox 1287 3925 1371 4006; x_wconf 75' lang='grc' dir='ltr'>μήτε</span> 
     </span>
     <span class='ocr_line' id='line_1_31' title="bbox 219 4034 1041 4131; baseline 0.005 -24"><span class='ocrx_word' id='word_1_242' title='bbox 219 4037 474 4131; x_wconf 78' lang='grc' dir='ltr'>ἐγκελευόμενος,</span> <span class='ocrx_word' id='word_1_243' title='bbox 493 4037 512 4110; x_wconf 85' lang='lat'>6</span> <span class='ocrx_word' id='word_1_244' title='bbox 530 4040 585 4109; x_wconf 89' lang='grc' dir='ltr'>ούκ</span> <span class='ocrx_word' id='word_1_245' title='bbox 601 4034 786 4122; x_wconf 76' lang='grc' dir='ltr'>ύνἝλλην</span> <span class='ocrx_word' id='word_1_246' title='bbox 803 4039 954 4121; x_wconf 78' lang='grc' dir='ltr'>ἐποίησεν</span> <span class='ocrx_word' id='word_1_247' title='bbox 970 4037 1041 4111; x_wconf 82' lang='lat' dir='ltr'>T=</span> 
     </span>
    </p>

    <p class='ocr_par' dir='ltr' id='par_1_15' title="bbox 167 4150 1371 4372">
     <span class='ocr_line' id='line_1_32' title="bbox 167 4150 1371 4254; baseline 0.003 -32"><span class='ocrx_word' id='word_1_248' title='bbox 167 4179 207 4238; x_wconf 81' lang='lat'>30</span> <span class='ocrx_word' id='word_1_249' title='bbox 272 4178 353 4229; x_wconf 90' lang='lat'>201.</span> <span class='ocrx_word' id='word_1_250' title='bbox 380 4150 464 4254; x_wconf 78' lang='grc' dir='ltr'>τείν]</span> <span class='ocrx_word' id='word_1_251' title='bbox 479 4154 522 4228; x_wconf 86' lang='grc' dir='ltr'>τδ</span> <span class='ocrx_word' id='word_1_252' title='bbox 539 4156 593 4228; x_wconf 87' lang='grc' dir='ltr'>τίν</span> <span class='ocrx_word' id='word_1_253' title='bbox 611 4156 739 4254; x_wconf 77' lang='grc' dir='ltr'>Δωρικη</span> <span class='ocrx_word' id='word_1_254' title='bbox 764 4156 956 4243; x_wconf 83' lang='grc' dir='ltr'>ἆντωνυμία,</span> <span class='ocrx_word' id='word_1_255' title='bbox 972 4155 1024 4226; x_wconf 73' lang='grc' dir='ltr'>καὶ</span> <span class='ocrx_word' id='word_1_256' title='bbox 1041 4156 1244 4248; x_wconf 77' lang='grc' dir='ltr'>πλεονασμῷ</span> <span class='ocrx_word' id='word_1_257' title='bbox 1259 4155 1294 4229; x_wconf 71' lang='grc' dir='ltr'>δὲ</span> <span class='ocrx_word' id='word_1_258' title='bbox 1310 4162 1371 4229; x_wconf 87' lang='grc' dir='ltr'>τοῦ</span> 
     </span>
     <span class='ocr_line' id='line_1_33' title="bbox 219 4270 1159 4372; baseline 0.003 -28"><span class='ocrx_word' id='word_1_259' title='bbox 219 4272 238 4344; x_wconf 70' lang='grc' dir='ltr'><strong><em>ἓ</em></strong></span> <span class='ocrx_word' id='word_1_260' title='bbox 254 4273 376 4366; x_wconf 89' lang='grc' dir='ltr'>γε’γονε</span> <span class='ocrx_word' id='word_1_261' title='bbox 393 4282 413 4313; x_wconf 89' lang='lat'><strong>“</strong></span> <span class='ocrx_word' id='word_1_262' title='bbox 423 4271 521 4345; x_wconf 79' lang='grc' dir='ltr'>τείν·”</span> <span class='ocrx_word' id='word_1_263' title='bbox 540 4270 590 4345; x_wconf 89' lang='grc' dir='ltr'>διδ</span> <span class='ocrx_word' id='word_1_264' title='bbox 608 4273 797 4372; x_wconf 76' lang='grc' dir='ltr'>φυλακτέον</span> <span class='ocrx_word' id='word_1_265' title='bbox 812 4270 874 4345; x_wconf 87' lang='grc' dir='ltr'>τδν</span> <span class='ocrx_word' id='word_1_266' title='bbox 890 4274 988 4345; x_wconf 88' lang='grc' dir='ltr'>τόνον</span> <span class='ocrx_word' id='word_1_267' title='bbox 1004 4270 1079 4353; x_wconf 82' lang='grc' dir='ltr'>Α-Ι-</span> <span class='ocrx_word' id='word_1_268' title='bbox 1090 4272 1120 4347; x_wconf 93' lang='grc' dir='ltr'><strong>Τ</strong></span> <span class='ocrx_word' id='word_1_269' title='bbox 1130 4308 1159 4333; x_wconf 97' lang='lat'>=</span> 
     </span>
    </p>
   </div>
   <div class='ocr_carea' id='block_1_6' title="bbox 266 4465 1369 4546">
    <p class='ocr_par' dir='ltr' id='par_1_16' title="bbox 266 4465 1369 4546">
     <span class='ocr_line' id='line_1_34' title="bbox 266 4465 1369 4546; baseline 0.003 -22"><span class='ocrx_word' id='word_1_270' title='bbox 266 4483 311 4526; x_wconf 86' lang='lat'>10.</span> <span class='ocrx_word' id='word_1_271' title='bbox 325 4468 479 4540; x_wconf 81' lang='grc' dir='ltr'>τιτρύποσιν</span> <span class='ocrx_word' id='word_1_272' title='bbox 493 4465 591 4528; x_wconf 71' lang='lat' dir='ltr'>Schn:</span> <span class='ocrx_word' id='word_1_273' title='bbox 605 4469 770 4545; x_wconf 78' lang='grc' dir='ltr'>τετραπύδοιι</span> <span class='ocrx_word' id='word_1_274' title='bbox 780 4466 812 4540; x_wconf 88' lang='grc' dir='ltr'>Τ,</span> <span class='ocrx_word' id='word_1_275' title='bbox 824 4471 995 4544; x_wconf 80' lang='grc' dir='ltr'>τετράπαυσιν</span> <span class='ocrx_word' id='word_1_276' title='bbox 1019 4475 1029 4540; x_wconf 81' lang='grc' dir='ltr'>ΙΙ</span> <span class='ocrx_word' id='word_1_277' title='bbox 1060 4470 1105 4541; x_wconf 84' lang='grc'>18,</span> <span class='ocrx_word' id='word_1_278' title='bbox 1123 4487 1169 4545; x_wconf 86' lang='grc'>19.</span> <span class='ocrx_word' id='word_1_279' title='bbox 1183 4467 1320 4546; x_wconf 64' lang='lat' dir='ltr'>supplevi</span> <span class='ocrx_word' id='word_1_280' title='bbox 1333 4474 1369 4528; x_wconf 69' lang='lat' dir='ltr'>ut</span> 
     </span>
    </p>
   </div>
   <div class='ocr_carea' id='block_1_7' title="bbox 16 4537 569 4624">
    <p class='ocr_par' dir='ltr' id='par_1_17' title="bbox 16 4537 569 4624">
     <span class='ocr_line' id='line_1_35' title="bbox 16 4537 569 4624; baseline 0 -18"><span class='ocrx_word' id='word_1_281' title='bbox 16 4537 20 4546; x_wconf 65' lang='grc'>’</span> <span class='ocrx_word' id='word_1_282' title='bbox 220 4545 252 4606; x_wconf 86' lang='lat' dir='ltr'>in</span> <span class='ocrx_word' id='word_1_283' title='bbox 265 4545 292 4606; x_wconf 80' lang='lat' dir='ltr'>&#39;P</span> <span class='ocrx_word' id='word_1_284' title='bbox 315 4554 326 4619; x_wconf 79' lang='lat' dir='ltr'>ll</span> <span class='ocrx_word' id='word_1_285' title='bbox 351 4565 399 4624; x_wconf 79' lang='lat'>²3·</span> <span class='ocrx_word' id='word_1_286' title='bbox 419 4550 569 4624; x_wconf 76' lang='grc' dir='ltr'>ι’γγυαλὺειι</span> 
     </span>
    </p>
   </div>
   <div class='ocr_carea' id='block_1_8' title="bbox 0 0 1504 5040">
    <p class='ocr_par' dir='ltr' id='par_1_18' title="bbox 0 0 1504 5040">
     <span class='ocr_line' id='line_1_36' title="bbox 0 0 1504 5040; baseline 0 1"><span class='ocrx_word' id='word_1_287' title='bbox 0 0 1504 5040; x_wconf 95' lang='lat' dir='ltr'> </span> 
     </span>
    </p>
   </div>
  </div>
 </body>
</html>
