3000 5040
549 274 723 347 ικικαος
746 275 787 333 ο.
810 266 898 355 (24)

190 442 265 505 660.
288 439 326 528 φ]
341 441 424 526 φτινι
555 440 630 526 683.
654 439 749 522 ζῦμα]
765 439 805 506 ὦς
821 442 1002 521 περίσκελος
1017 441 1082 505 νόει

190 544 264 609 688.
285 544 414 629 γενύων]
429 550 489 610 τῶν
504 547 657 628 σιαγόνων
787 541 862 628 689.
886 542 1012 627 ὤρνυτο]
1027 544 1191 626 ἐφώρμησε

190 647 265 733 690.
288 649 499 733 παπτήναντα]
514 648 732 732 πραδεδειχότα

191 755 265 835 691.
287 752 432 837 ὑπήριπε]
448 752 616 836 κατηνέχθη
749 751 824 831 692.
848 750 969 835 φρικός]
984 754 1079 831 πνοῆς

191 860 265 943 699.
289 857 388 941 αὐτοί]
404 860 433 921 οί
449 859 537 938 φίλαι
553 857 644 920 αὐτοῦ
776 866 847 936 705.
872 853 901 937 ἐ]
917 853 1010 933 αύτήν
1316 875 1334 935 5

193 978 267 1044 712.
289 962 329 1028 ὦς
344 960 392 1045 δέ]
407 961 552 1043 παρέλκει
566 961 601 1024 τὸ
617 963 634 994 “
644 958 678 1024 δέ
686 957 704 984 ”
837 958 1030 1041 ἀμείβοντες]
1046 960 1133 1023 δοκοί

193 1079 265 1146 724.
289 1040 430 1149 άνάειρε]
439 1064 649 1146 άνακούφισον
783 1063 855 1144 726.
879 1060 973 1145 κόψε]
989 1061 1134 1143 ἔκρουσεν
1148 1062 1214 1133 Α).

194 1184 265 1250 727.
287 1168 469 1252 στήθεσσιν]
485 1173 537 1231 τοῦ
552 1168 681 1234 Αἴαντος

194 1288 265 1353 744.
289 1271 443 1356 Φοίνικες]
459 1275 488 1336 οί
505 1274 554 1336 καὶ
570 1273 704 1336 Σιδόνιοι

293 1372 420 1463 πόντον]
436 1376 490 1454 τῆν
503 1375 642 1457 μεγάλην
658 1374 821 1440 θάλασσαν

195 1478 264 1560 748.
287 1480 321 1543 οὗ
337 1478 469 1561 ἑτάροιο]
484 1481 558 1560 ὑπὲρ
573 1483 625 1542 τοῦ
641 1481 821 1560 Πατρόκλου

194 1598 266 1665 759.
289 1583 413 1666 ἔκφερε]
429 1583 616 1665 προέδραμεν

194 1688 265 1769 761.
290 1686 418 1766 στήθεος
432 1687 519 1771 άγχι]
536 1688 588 1751 ἐπί
718 1685 830 1769 κανάν]
847 1686 981 1766 κάλαμος

194 1792 265 1872 765.
289 1792 320 1854 οί
334 1790 485 1872 κεφαλῆς]
500 1794 553 1854 τοῦ
568 1792 697 1857 Αἴαντος

195 1897 268 1976 767.
292 1889 415 1981 ἱεμένῳ]
431 1895 471 1978 τῷ
486 1893 636 1958 Ὀδυσσεῖ

194 2014 265 2079 792.
289 1996 521 2081 ἐριδδήσασθαι]
537 1995 730 2076 ἐξισωθῆναι,
746 1998 956 2078 άμιλληθῆναι

194 2101 265 2180 805.
284 2099 462 2181 ὀρεξάμενος
477 2100 569 2183 χρόα]
586 2099 783 2181 ἐφαψάμενος
799 2105 851 2164 τοῦ
866 2102 983 2184 χρωτός

194 2206 266 2268 806.
292 2204 474 2288 <ἐνδίνων>]
490 2211 550 2270 τῶν
566 2208 651 2271 ἐντὸς
665 2210 725 2269 τῶν
739 2205 845 2270 ὅπλων
858 2210 961 2285 μελῶν
976 2204 1040 2274 B÷

194 2307 266 2389 815.
285 2308 413 2391 πάντας]
428 2308 496 2374 τούς

194 2411 266 2476 826.
290 2411 426 2493 διαφέρει
444 2413 539 2479 σόλος
558 2413 607 2476 καὶ
630 2412 742 2478 δίσκος·
772 2413 789 2474 θ
811 2414 868 2490 μὲν
889 2414 948 2494 γάρ
971 2412 1074 2479 δίσκος
1096 2413 1212 2479 πλατύς
1234 2414 1302 2477 ἐστι
1318 2435 1357 2476 20

152 2513 199 2578 καί
215 2514 402 2596 κυκλοτερής,
418 2517 435 2578 θ
453 2519 487 2581 δέ
502 2516 597 2583 σόλος
614 2515 801 2599 στρογγύλος
816 2517 867 2581 καὶ
883 2515 1079 2597 σφαιροειδής
1094 2515 1162 2588 A÷

194 2618 266 2702 832.
288 2618 332 2701 οἶ]
348 2624 400 2681 τοῦ
415 2619 659 2698 άεθλευσαμένου

195 2721 267 2786 886.
302 2722 431 2804 (ἥμονες
464 2723 606 2806 άνδρες>]
637 2725 814 2789 ἀκοντισταὶ
845 2724 961 2806 ἄνδρες.
1000 2722 1060 2788 άπὸ
1089 2728 1142 2788 τοῦ
1171 2726 1237 2806 ίημι
1266 2726 1301 2789 τὸ

151 2825 255 2904 πέμπω
271 2826 337 2897 A÷
927 2834 929 2838 ’

705 3089 745 3149 ο.
1317 3132 1354 3189 25

215 3219 245 3285 6.
269 3221 448 3304 ἀνδροτῆτα]
464 3222 518 3301 τῆν
533 3222 673 3303 άνδρείαν
806 3224 834 3286 8.
858 3222 983 3307 πείρων]
999 3227 1149 3304 διαπερῦν

198 3342 247 3389 11.
270 3326 338 3387 τατέ
354 3324 401 3407 δέ]
416 3325 529 3390 άλλοτε
545 3325 579 3389 δέ

198 3438 244 3507 15.
269 3428 413 3493 ἕλκεσθαι
429 3427 614 3512 δησάσκετο]
630 3431 713 3494 είλκε
729 3428 825 3508 δήσας

195 3549 246 3612 30.
269 3531 482 3616 μαχλοσύνην]
497 3539 584 3615 χαλῶ
603 3534 701 3616 χαλός
725 3535 773 3597 καὶ
796 3534 978 3620 πλεονασμῷ
1002 3535 1054 3611 τῆς
1076 3536 1119 3614 μα
1141 3535 1303 3615 συλλαβῆς

152 3632 201 3698 καί
216 3638 353 3722 συγκοπῆ
368 3637 488 3719 μαχλός
503 3637 552 3701 καὶ
567 3636 603 3700 τὸ
618 3642 750 3717 θηλυκὸν
764 3638 869 3721 μαχλή
1317 3652 1356 3709 30

195 3757 247 3823 33.
272 3739 425 3823 σχέτλιοι]
441 3741 612 3823 ἀγνώμονες
744 3740 925 3824 δηλήμονες]
940 3743 1112 3820 βλαπτικοί

195 3856 247 3922 52.
270 3842 406 3926 άμεινον]
422 3844 580 3926 ἐπωφελές
712 3857 764 3928 53.
788 3843 1037 3927 νεμεσσηθόμεν]
1048 3844 1239 3927 μεμφόμεθα

195 3946 247 4009 60.
273 3946 414 4029 ἀτίτηλα]
430 3946 622 4026 ἐπεμελήθην

273 4051 305 4113 ἐκ
324 4055 376 4113 τοῦ
392 4052 503 4118 άταλός
518 4053 636 4118 άπαλάς
650 4076 696 4118 τις
710 4050 761 4115 ὧν·
785 4050 863 4138 [καὶ]
876 4051 910 4115 τὸ
924 4054 982 4134 μὲν
996 4051 1116 4119 άπαλάς
1131 4051 1302 4128 δασύνεται,

150 4151 185 4215 τὸ
201 4155 234 4217 δέ
250 4152 361 4220 άταλός
376 4157 523 4235 ψιλοΰται
1317 4171 1356 4233 35

196 4260 247 4340 63.
271 4255 440 4339 φόρμιγγα]
456 4255 654 4341 ἐννεάχορδον
786 4256 887 4341 έταρε]
902 4260 978 4340 φίλε

197 4375 248 4441 74.
271 4359 341 4424 ἀλλ’
358 4360 400 4445 εί]
415 4361 485 4425 ἀλλ’
502 4364 565 4426 είθε
581 4361 647 4424 B:
785 4360 836 4447 76.
858 4360 955 4449 λάχη]
976 4362 1053 4450 τύχη

152 4571 163 4620 ⁸
187 4504 388 4634 32ἑρὲμράμεθα
407 4506 457 4557 W:
474 4504 630 4568 μεμυμύμεθα
650 4511 662 4568 ΙΙ
683 4506 722 4569 36.
740 4504 899 4572 ἐννεάχορδον
918 4507 1015 4572 scripsi,
1035 4504 1150 4557 ἐπαείδων
1169 4507 1232 4557 coni
1250 4507 1302 4561 W:

165 4586 215 4618 ναει
297 4586 338 4634 ⁶8¹
