3000 5040
211 254 276 318 518
625 261 797 322 11114ον
821 264 860 324 11.
883 256 950 348 (τ)

257 443 329 489 100.
351 421 434 514 αῦθι]
451 425 555 490 αὐτόθι
698 424 831 517 ἀκήριοι]
848 429 965 513 δίψυχοι

350 527 475 597 ἀκλεέες
490 529 535 610 ἦν,
551 531 601 594 καὶ
620 532 735 619 ἐκβολῇ
751 535 835 598 τοῦέ
855 532 976 615 ἐγένετο
999 540 1016 570 “
1025 534 1147 601 ἀκλεές·
1154 531 1175 558 ”
1199 528 1222 613 ἢ
1245 530 1369 611 ἀκλεεῖς,

211 633 260 696 καὶ
274 633 390 720 ἐκβολῇ
405 639 458 698 τοῦ
472 635 486 698 ἷ
502 640 519 669 “
529 634 637 702 ἀκλεές
645 635 664 661 ”

258 735 328 801 108.
351 736 501 820 δεξιτερῆς
516 739 568 804 έλε
583 735 699 827 χειρός]
717 741 760 805 είς
775 740 890 807 πλάτος
906 740 1014 819 ὡμίλει

179 851 197 913 5
260 840 329 905 128.
353 839 475 930 γενεήν]
493 842 623 923 πατέρας
754 838 857 931 τόκον]
874 848 983 911 παῖδας

259 964 330 1030 133.
354 942 536 1033 Κελάδοντι]
553 943 571 1024 ἢ
588 948 637 1009 διδ
652 945 705 1010 τὸν
720 944 797 1029 ήχον
812 952 865 1010 τοῦ
878 947 1025 1029 ῥεύματος
1038 947 1080 1010 1ιά
1094 968 1146 1032 pr.
1161 944 1240 1010 add.
1260 966 1320 1008 sec.

257 1049 328 1133 138.
354 1045 577 1136 <κορυνήτην>]
610 1050 717 1135 κορύνῃ
743 1048 810 1128 ήτοι
836 1050 941 1135 ῥάβδῳ
967 1052 1153 1135 μαχόμενον.
1194 1049 1310 1131 κορύνη
1340 1049 1370 1114 δέ

211 1154 278 1216 ἐστι
292 1153 428 1234 ῥόπαλον
443 1151 623 1233 ἀμυντήριον
638 1153 839 1234 ἐτερορρεπές,
851 1150 887 1231 ἐξ
899 1153 967 1220 ἐνὸς
981 1153 1090 1237 μέρους
1106 1153 1214 1238 ῥοπήν
1233 1152 1311 1237 ἔχον
1325 1154 1371 1217 καὶ

210 1254 307 1337 βάρος

162 1379 200 1422 ιο
259 1360 330 1441 156.
352 1358 476 1442 λέγεται
490 1357 688 1441 “παρήορος”
705 1360 754 1424 καὶ
772 1360 833 1443 <δ>
851 1359 1090 1444 παρεζευγμένος
1106 1359 1194 1429 ἐκτὸς
1211 1365 1270 1424 τοῦ
1286 1361 1372 1442 ζυγοῦ

210 1466 303 1530 ἵππος
319 1461 368 1527 καί
384 1465 400 1525 ὀ
416 1462 522 1545 ἀφρωυ
537 1468 600 1533 A÷

257 1566 331 1630 168.
352 1561 613 1653 Ἀνδραιμονίδης]
630 1565 693 1632 υίδς
709 1563 925 1647 Ἀνδραίμονος

257 1682 329 1748 171.
352 1664 526 1756 διαμπερές]
544 1668 679 1751 ἀντικρὺς
695 1671 744 1734 καὶ
759 1676 898 1752 φανερῶς

257 1787 329 1856 197.
351 1768 464 1860 δίηται]
481 1770 662 1854 ἐκφοβήσει,
677 1771 779 1852 διύξει
1059 1854 1061 1859 4

162 1897 199 1958 15
256 1877 330 1942 206.
354 1872 481 1963 νώροπι]
498 1879 531 1940 ἐκ
549 1877 601 1940 τοῦ
618 1879 653 1958 sn}
670 1879 845 1959 στερητικοῦ
859 1878 965 1959 μορίου
988 1876 1106 1942 καὶτοῦ
1123 1879 1183 1960 όρῶ
1199 1877 1237 1942 τὸ
1252 1877 1373 1959 βλέπω,

211 1981 352 2060 δηλονότι
366 1986 406 2065 τῷ
423 1980 677 2067 περιλάμπ<ρ>ῳ,
693 1982 733 2067 τῷ
750 1982 803 2045 τοῦ
819 1982 893 2061 δρᾶν
908 1981 1100 2062 στερίσκοντι

256 2085 330 2149 216.
352 2079 526 2171 πάτασσεν]
543 2087 576 2149 έν
591 2086 700 2170 παλμῷ
717 2084 765 2149 καί
781 2083 899 2163 κινήσει
915 2082 952 2163 ἦν

257 2206 329 2254 221.
353 2184 426 2275 ὕλῃ]
445 2187 610 2274 συνδένδρῳ
743 2188 815 2254 226.
838 2189 940 2252 οέόθευ
955 2182 1032 2274 οἶος]
1048 2188 1140 2268 μόνος
1160 2192 1239 2269 πρός
1252 2188 1351 2268 μόνον

258 2305 331 2376 235.
354 2288 503 2379 ἀφαυροῦ]
526 2294 672 2359 ἀσθενοῦς

162 2419 200 2461 20
257 2414 330 2474 241.
354 2392 477 2483 σταδίῃ]
494 2394 560 2473 ήτοι
575 2399 611 2482 τῇ
629 2395 784 2475 συστάδην
798 2393 883 2478 μάχῃ
964 2393 970 2409 '

257 2512 330 2580 254.
354 2494 493 2585 ἐκλίνθη]
511 2498 645 2577 ἐξέκλινε
659 2498 735 2580 πρὸς
749 2498 857 2563 ἑαυτόν
988 2493 1132 2585 ἀλεύατο]
1150 2496 1306 2580 ἐξέφυγεν

257 2603 329 2669 262.
352 2598 481 2689 τμήδην]
498 2608 646 2682 τμητικῶς

257 2710 329 2790 298.
356 2701 518 2793 <ἀγῶνα>]
534 2707 588 2771 τδν
603 2705 676 2773 ναδν
691 2707 843 2786 δηλονότι·
861 2703 984 2788 λέγεται
1000 2705 1096 2769 δὲκαὶ
1112 2706 1164 2770 ἐπὶ
1179 2707 1286 2781 τόπου,
1302 2705 1370 2768 οῦδ

212 2811 295 2894 ἀγιόν
310 2816 366 2872 Bu

163 2924 203 2990 25
256 2928 330 3000 315.
354 2910 484 3001 ἀρσενο]
500 2917 551 2978 διδ
565 2914 600 2978 τδ
615 2915 742 2979 δυνατόν

354 3013 571 3105 πενταέτηρον]
587 3017 637 3081 διὰ
652 3022 686 3080 τὸ
703 3016 873 3100 παχύτερον
1134 3086 1139 3097 ι

256 3141 331 3206 330.
354 3117 437 3208 ὀξύς]
454 3119 553 3186 διὰτὸ
570 3121 620 3185 διὰ
633 3123 704 3200 μιᾶς
719 3121 796 3202 ὥρας
811 3119 947 3185 πολλοὺς
963 3117 1138 3200 σφαγιάσαι

256 3226 330 3309 336.
354 3226 433 3305 ἀμφὶ
447 3219 558 3311 πυρήν]
576 3223 636 3288 ἀπὸ
650 3226 703 3302 τῆς
718 3226 813 3304 πυρᾶς
944 3219 1012 3310 ἕνα]
1029 3222 1093 3285 καθ’
1111 3222 1165 3286 ἕνα

257 3348 277 3413 3
279 3341 298 3408 5
301 3348 329 3412 3.
353 3329 474 3408 ὤφελεν
486 3330 583 3391 εἰπεῖν
594 3337 603 3363 ‘
614 3328 668 3391 ἐὰν
682 3326 722 3406 μὴ
737 3322 886 3408 ῥέζωμεν’
900 3326 950 3390 καὶ
966 3326 1052 3390 εἶπεν
1065 3331 1073 3360 ‘
1085 3327 1135 3390 ἵνα
1148 3324 1191 3406 μή
1206 3324 1367 3407 ρέξωμεν·’

163 3451 202 3508 30
214 3432 311 3511 έλοβε
326 3433 360 3494 δέ
376 3430 546 3509 σύνδεσμον
561 3431 628 3494 ἀντὶ
644 3429 814 3507 συνδέσμου

256 3535 329 3619 366.
354 3529 689 3621 θεόφιν-ἀτάλαντος]
706 3537 769 3600 τοῖς
785 3537 866 3599 θεοῖς
881 3535 950 3598 ίσος

255 3639 330 3724 380.
352 3632 528 3723 τελέεσσιν]
545 3641 608 3703 τοῖς
623 3635 776 3718 τάγμασιν

255 3762 330 3829 390.
354 3738 407 3829 ὡς]
424 3745 442 3773 “
452 3738 511 3806 ός.”
536 3741 562 3824 9.
578 3741 665 3805 τοῦτο
683 3736 748 3803 καθ’
764 3738 854 3806 αὕτδν
869 3737 991 3818 νοητέον
1008 3741 1105 3803 εἰπεῖν
1120 3736 1173 3802 τὸν
1188 3737 1304 3804 Ἰδαῖον

255 3847 330 3926 416.
354 3839 494 3931 ἀπέειπε]
512 3841 613 3922 ἐξεῖπε
743 3844 819 3921 418.
841 3839 933 3929 θλην]
948 3841 1016 3923 ήτοι
1031 3840 1226 3925 ξυλαγωγίαν

163 3965 200 4027 35
255 3968 330 4034 433.
353 3944 414 4012 οὔτ’
430 3947 467 4028 ἀρ
479 3943 541 4034 πω]
559 3946 677 4011 οὐδέπω

255 4069 330 4135 447.
354 4046 471 4138 ἐνίψει]
488 4051 594 4132 κυρίως
608 4053 664 4130 μὲν
680 4048 852 4129 ἐπιπλήξει,
869 4050 922 4113 νῦν
937 4049 970 4112 δέ
987 4047 1055 4114 ἀντί
1070 4049 1123 4113 τοῦ
1139 4051 1203 4130 ἐρεῖ
1216 4046 1303 4128 λέξει

164 4234 166 4241 Α
254 4158 330 4242 463.
354 4150 573 4241 ἀμαλδύνηται]
590 4154 772 4235 ἀφανίζηται
900 4149 976 4233 478.
1000 4146 1093 4239 σφίν]
1110 4149 1348 4231 ταῖςἘλλήσιυ

373 4353 381 4365 “
425 4358 463 4410 1⁶.
481 4357 521 4408 καὶ
533 4363 593 4409 unte
605 4375 629 4410 ε.
640 4357 722 4409 delevi
741 4362 752 4418 11
772 4371 810 4408 το.
826 4354 889 4406 κατὰ
899 4359 959 4407 ante
971 4370 1042 4405 σνστ.
1054 4355 1103 4433 (131.
1116 4354 1150 4403 W
