<?xml version="1.0" encoding="UTF-8"?>
<!DOCTYPE html PUBLIC "-//W3C//DTD XHTML 1.0 Transitional//EN"
    "http://www.w3.org/TR/xhtml1/DTD/xhtml1-transitional.dtd">
<html xmlns="http://www.w3.org/1999/xhtml" xml:lang="en" lang="en">
 <head>
  <title>
</title>
<meta http-equiv="Content-Type" content="text/html;charset=utf-8" />
  <meta name='ocr-system' content='tesseract 3.04.00' />
  <meta name='ocr-capabilities' content='ocr_page ocr_carea ocr_par ocr_line ocrx_word'/>
</head>
<body>
  <div class='ocr_page' id='page_1' title='image "./scholiagraecain00dindgoog_0506.png"; bbox 0 0 3000 5040; ppageno 0'>
   <div class='ocr_carea' id='block_1_1' title="bbox 568 252 1303 341">
    <p class='ocr_par' dir='ltr' id='par_1_1' title="bbox 568 252 1303 341">
     <span class='ocr_line' id='line_1_1' title="bbox 568 252 1303 341; baseline -0.012 -17"><span class='ocrx_word' id='word_1_1' title='bbox 568 261 740 324; x_wconf 73' lang='lat' dir='ltr'>1111A01</span> <span class='ocrx_word' id='word_1_2' title='bbox 763 260 800 321; x_wconf 78' lang='lat' dir='ltr'>A.</span> <span class='ocrx_word' id='word_1_3' title='bbox 822 253 892 341; x_wconf 88' lang='lat'>(1)</span> <span class='ocrx_word' id='word_1_4' title='bbox 1237 252 1303 315; x_wconf 75' lang='grc' dir='ltr'>ιον</span> 
     </span>
    </p>
   </div>
   <div class='ocr_carea' id='block_1_2' title="bbox 151 422 1385 4344">
    <p class='ocr_par' dir='ltr' id='par_1_2' title="bbox 151 422 1301 622">
     <span class='ocr_line' id='line_1_2' title="bbox 151 422 1301 515; baseline -0.013 -16"><span class='ocrx_word' id='word_1_5' title='bbox 151 436 200 499; x_wconf 80' lang='grc' dir='ltr'>καὶ</span> <span class='ocrx_word' id='word_1_6' title='bbox 223 438 300 515; x_wconf 83' lang='grc' dir='ltr'>σιγῶ</span> <span class='ocrx_word' id='word_1_7' title='bbox 323 435 398 514; x_wconf 88' lang='grc' dir='ltr'>σῖγα</span> <span class='ocrx_word' id='word_1_8' title='bbox 419 433 513 497; x_wconf 83' lang='grc' dir='ltr'>οὑτως</span> <span class='ocrx_word' id='word_1_9' title='bbox 532 432 566 495; x_wconf 83' lang='grc' dir='ltr'>έκ</span> <span class='ocrx_word' id='word_1_10' title='bbox 581 434 633 493; x_wconf 85' lang='grc' dir='ltr'>τοῦ</span> <span class='ocrx_word' id='word_1_11' title='bbox 649 430 708 509; x_wconf 77' lang='grc' dir='ltr'>δρῶ</span> <span class='ocrx_word' id='word_1_12' title='bbox 730 429 793 510; x_wconf 84' lang='grc' dir='ltr'>ὅρα,</span> <span class='ocrx_word' id='word_1_13' title='bbox 811 429 860 492; x_wconf 82' lang='grc' dir='ltr'>καὶ</span> <span class='ocrx_word' id='word_1_14' title='bbox 878 428 957 510; x_wconf 77' lang='grc' dir='ltr'>μετὰ</span> <span class='ocrx_word' id='word_1_15' title='bbox 978 427 1031 505; x_wconf 77' lang='grc' dir='ltr'>τῆς</span> <span class='ocrx_word' id='word_1_16' title='bbox 1052 425 1112 489; x_wconf 86' lang='grc' dir='ltr'>ὑπό</span> <span class='ocrx_word' id='word_1_17' title='bbox 1131 424 1229 505; x_wconf 84' lang='grc' dir='ltr'>ὑπόρα</span> <span class='ocrx_word' id='word_1_18' title='bbox 1251 422 1301 485; x_wconf 82' lang='grc' dir='ltr'>καὶ</span> 
     </span>
     <span class='ocr_line' id='line_1_3' title="bbox 153 519 862 622; baseline -0.011 -20"><span class='ocrx_word' id='word_1_19' title='bbox 153 537 337 622; x_wconf 73' lang='grc' dir='ltr'>πλεονασμῷ</span> <span class='ocrx_word' id='word_1_20' title='bbox 353 539 405 599; x_wconf 85' lang='grc' dir='ltr'>τοὺ</span> <span class='ocrx_word' id='word_1_21' title='bbox 420 519 438 598; x_wconf 80' lang='grc' dir='ltr'>ὑ</span> <span class='ocrx_word' id='word_1_22' title='bbox 453 540 471 571; x_wconf 88' lang='lat'>“</span> <span class='ocrx_word' id='word_1_23' title='bbox 482 532 624 615; x_wconf 86' lang='grc' dir='ltr'>ὑπόδρα,”</span> <span class='ocrx_word' id='word_1_24' title='bbox 640 531 674 595; x_wconf 88' lang='lat' dir='ltr'>rb</span> <span class='ocrx_word' id='word_1_25' title='bbox 689 533 862 613; x_wconf 79' lang='grc' dir='ltr'>ὑφορᾶσθαι</span> 
     </span>
    </p>

    <p class='ocr_par' dir='ltr' id='par_1_3' title="bbox 155 629 1340 925">
     <span class='ocr_line' id='line_1_4' title="bbox 295 629 1303 718; baseline -0.006 -16"><span class='ocrx_word' id='word_1_26' title='bbox 295 637 344 702; x_wconf 77' lang='grc' dir='ltr'>καί</span> <span class='ocrx_word' id='word_1_27' title='bbox 358 638 482 704; x_wconf 76' lang='grc' dir='ltr'>ὑλλωςε</span> <span class='ocrx_word' id='word_1_28' title='bbox 506 638 591 702; x_wconf 76' lang='grc' dir='ltr'>ἔστιν</span> <span class='ocrx_word' id='word_1_29' title='bbox 606 641 665 718; x_wconf 78' lang='grc' dir='ltr'>δρῦ</span> <span class='ocrx_word' id='word_1_30' title='bbox 682 635 731 699; x_wconf 81' lang='grc' dir='ltr'>καὶ</span> <span class='ocrx_word' id='word_1_31' title='bbox 752 635 894 714; x_wconf 77' lang='grc' dir='ltr'>σημαίνει</span> <span class='ocrx_word' id='word_1_32' title='bbox 910 632 943 697; x_wconf 91' lang='lat' dir='ltr'>rb</span> <span class='ocrx_word' id='word_1_33' title='bbox 960 632 1080 714; x_wconf 89' lang='grc' dir='ltr'>βλέπω,</span> <span class='ocrx_word' id='word_1_34' title='bbox 1097 629 1134 710; x_wconf 73' lang='grc' dir='ltr'>ἐξ</span> <span class='ocrx_word' id='word_1_35' title='bbox 1146 629 1182 694; x_wconf 89' lang='grc' dir='ltr'>οὑ</span> <span class='ocrx_word' id='word_1_36' title='bbox 1197 633 1303 712; x_wconf 78' lang='grc' dir='ltr'>δρᾶσις</span> 
     </span>
     <span class='ocr_line' id='line_1_5' title="bbox 155 729 1300 824; baseline -0.01 -16"><span class='ocrx_word' id='word_1_37' title='bbox 155 744 203 808; x_wconf 82' lang='grc' dir='ltr'>καὶ</span> <span class='ocrx_word' id='word_1_38' title='bbox 219 746 324 824; x_wconf 84' lang='grc' dir='ltr'>δρᾶμα·</span> <span class='ocrx_word' id='word_1_39' title='bbox 349 745 382 806; x_wconf 82' lang='grc' dir='ltr'>ἐκ</span> <span class='ocrx_word' id='word_1_40' title='bbox 401 745 453 805; x_wconf 87' lang='grc' dir='ltr'>τοὺ</span> <span class='ocrx_word' id='word_1_41' title='bbox 473 740 525 805; x_wconf 88' lang='grc' dir='ltr'>οὑν</span> <span class='ocrx_word' id='word_1_42' title='bbox 546 745 605 822; x_wconf 77' lang='grc' dir='ltr'>δρῶ</span> <span class='ocrx_word' id='word_1_43' title='bbox 621 740 735 822; x_wconf 89' lang='grc' dir='ltr'>γίνεται</span> <span class='ocrx_word' id='word_1_44' title='bbox 750 742 814 819; x_wconf 79' lang='grc' dir='ltr'>δρᾶ,</span> <span class='ocrx_word' id='word_1_45' title='bbox 834 736 882 802; x_wconf 82' lang='grc' dir='ltr'>καὶ</span> <span class='ocrx_word' id='word_1_46' title='bbox 895 740 972 818; x_wconf 80' lang='grc' dir='ltr'>μετὺ</span> <span class='ocrx_word' id='word_1_47' title='bbox 986 740 1040 816; x_wconf 82' lang='grc' dir='ltr'>τῆς</span> <span class='ocrx_word' id='word_1_48' title='bbox 1054 735 1114 800; x_wconf 86' lang='grc' dir='ltr'>ὑπό</span> <span class='ocrx_word' id='word_1_49' title='bbox 1128 739 1145 769; x_wconf 86' lang='grc'>“</span> <span class='ocrx_word' id='word_1_50' title='bbox 1157 729 1300 814; x_wconf 84' lang='grc' dir='ltr'>ὑπόδρα,”</span> 
     </span>
     <span class='ocr_line' id='line_1_6' title="bbox 155 843 1340 925; baseline -0.01 -14"><span class='ocrx_word' id='word_1_51' title='bbox 155 848 190 911; x_wconf 89' lang='grc' dir='ltr'>τὸ</span> <span class='ocrx_word' id='word_1_52' title='bbox 204 844 404 925; x_wconf 79' lang='grc' dir='ltr'>ὑποβλέπειν·</span> <span class='ocrx_word' id='word_1_53' title='bbox 427 845 477 908; x_wconf 87' lang='grc' dir='ltr'>καὶ</span> <span class='ocrx_word' id='word_1_54' title='bbox 492 843 685 925; x_wconf 84' lang='grc' dir='ltr'>δραπετεύειν</span> <span class='ocrx_word' id='word_1_55' title='bbox 1322 861 1340 921; x_wconf 84' lang='lat'>5</span> 
     </span>
    </p>

    <p class='ocr_par' dir='ltr' id='par_1_4' title="bbox 203 942 697 1035">
     <span class='ocr_line' id='line_1_7' title="bbox 203 942 697 1035; baseline -0.004 -24"><span class='ocrx_word' id='word_1_56' title='bbox 203 949 274 1015; x_wconf 86' lang='lat'>162.</span> <span class='ocrx_word' id='word_1_57' title='bbox 298 942 402 1035; x_wconf 75' lang='grc' dir='ltr'>ᾦέπι]</span> <span class='ocrx_word' id='word_1_58' title='bbox 419 945 615 1028; x_wconf 82' lang='grc' dir='ltr'>ἆυαστραφέν</span> <span class='ocrx_word' id='word_1_59' title='bbox 632 950 697 1009; x_wconf 88' lang='grc' dir='ltr'>Α--</span> 
     </span>
    </p>

    <p class='ocr_par' dir='ltr' id='par_1_5' title="bbox 204 1045 914 1138">
     <span class='ocr_line' id='line_1_8' title="bbox 204 1045 914 1138; baseline -0.003 -23"><span class='ocrx_word' id='word_1_60' title='bbox 204 1067 273 1132; x_wconf 90' lang='lat'>171.</span> <span class='ocrx_word' id='word_1_61' title='bbox 297 1045 444 1138; x_wconf 86' lang='grc' dir='ltr'>πλοῦτον]</span> <span class='ocrx_word' id='word_1_62' title='bbox 461 1046 642 1126; x_wconf 80' lang='grc' dir='ltr'>συνεξάκουε</span> <span class='ocrx_word' id='word_1_63' title='bbox 657 1055 710 1114; x_wconf 85' lang='grc' dir='ltr'>τὸν</span> <span class='ocrx_word' id='word_1_64' title='bbox 725 1055 786 1115; x_wconf 75' lang='grc' dir='ltr'>τῶν</span> <span class='ocrx_word' id='word_1_65' title='bbox 799 1048 914 1131; x_wconf 82' lang='grc' dir='ltr'>Τριὺωυ</span> 
     </span>
    </p>

    <p class='ocr_par' dir='ltr' id='par_1_6' title="bbox 160 1147 1366 1756">
     <span class='ocr_line' id='line_1_9' title="bbox 206 1147 1311 1240; baseline -0.007 -22"><span class='ocrx_word' id='word_1_66' title='bbox 206 1171 275 1240; x_wconf 84' lang='lat'>173.</span> <span class='ocrx_word' id='word_1_67' title='bbox 299 1158 381 1236; x_wconf 79' lang='grc' dir='ltr'>παρα</span> <span class='ocrx_word' id='word_1_68' title='bbox 402 1156 442 1239; x_wconf 74' lang='grc' dir='ltr'>τῷ</span> <span class='ocrx_word' id='word_1_69' title='bbox 466 1153 574 1240; x_wconf 79' lang='grc' dir='ltr'>ποιητῇ</span> <span class='ocrx_word' id='word_1_70' title='bbox 599 1151 690 1218; x_wconf 80' lang='grc' dir='ltr'>πέντε</span> <span class='ocrx_word' id='word_1_71' title='bbox 710 1153 884 1231; x_wconf 86' lang='grc' dir='ltr'>σημαίνειὺ</span> <span class='ocrx_word' id='word_1_72' title='bbox 904 1152 1005 1232; x_wconf 88' lang='grc' dir='ltr'>θυμός·</span> <span class='ocrx_word' id='word_1_73' title='bbox 1029 1151 1084 1232; x_wconf 74' lang='grc' dir='ltr'>τὴν</span> <span class='ocrx_word' id='word_1_74' title='bbox 1100 1149 1201 1234; x_wconf 78' lang='grc' dir='ltr'>ὀργήν,</span> <span class='ocrx_word' id='word_1_75' title='bbox 1219 1148 1260 1216; x_wconf 79' lang='lat' dir='ltr'>br</span> <span class='ocrx_word' id='word_1_76' title='bbox 1275 1147 1311 1211; x_wconf 88' lang='lat' dir='ltr'>rb</span> 
     </span>
     <span class='ocr_line' id='line_1_10' title="bbox 160 1249 1311 1341; baseline -0.006 -19"><span class='ocrx_word' id='word_1_77' title='bbox 160 1266 178 1295; x_wconf 92' lang='lat'><strong>“</strong></span> <span class='ocrx_word' id='word_1_78' title='bbox 192 1259 283 1338; x_wconf 86' lang='grc' dir='ltr'>θυμὸς</span> <span class='ocrx_word' id='word_1_79' title='bbox 305 1261 338 1322; x_wconf 75' lang='grc' dir='ltr'>δὲ</span> <span class='ocrx_word' id='word_1_80' title='bbox 359 1256 682 1339; x_wconf 85' lang='grc' dir='ltr'>μέγας-διοτρεφέων</span> <span class='ocrx_word' id='word_1_81' title='bbox 699 1255 862 1336; x_wconf 90' lang='grc' dir='ltr'>βασιλήων</span> <span class='ocrx_word' id='word_1_82' title='bbox 871 1256 887 1282; x_wconf 90' lang='grc'>”</span> <span class='ocrx_word' id='word_1_83' title='bbox 903 1253 958 1340; x_wconf 92' lang='lat' dir='ltr'>(Il.</span> <span class='ocrx_word' id='word_1_84' title='bbox 976 1273 1005 1321; x_wconf 84' lang='lat'>2.</span> <span class='ocrx_word' id='word_1_85' title='bbox 1024 1253 1108 1341; x_wconf 86' lang='lat'>196),</span> <span class='ocrx_word' id='word_1_86' title='bbox 1123 1255 1179 1334; x_wconf 77' lang='grc' dir='ltr'>τήν</span> <span class='ocrx_word' id='word_1_87' title='bbox 1197 1249 1311 1336; x_wconf 75' lang='grc' dir='ltr'>ψυχήν,</span> 
     </span>
     <span class='ocr_line' id='line_1_11' title="bbox 160 1356 1366 1445; baseline -0.007 -20"><span class='ocrx_word' id='word_1_88' title='bbox 160 1363 200 1429; x_wconf 82' lang='grc' dir='ltr'>ὡς</span> <span class='ocrx_word' id='word_1_89' title='bbox 220 1361 255 1425; x_wconf 89' lang='grc' dir='ltr'>τὸ</span> <span class='ocrx_word' id='word_1_90' title='bbox 270 1366 287 1396; x_wconf 90' lang='grc'>“</span> <span class='ocrx_word' id='word_1_91' title='bbox 295 1358 442 1440; x_wconf 87' lang='grc' dir='ltr'>μελιηδέα</span> <span class='ocrx_word' id='word_1_92' title='bbox 464 1364 557 1440; x_wconf 85' lang='grc' dir='ltr'>θυμὸν</span> <span class='ocrx_word' id='word_1_93' title='bbox 580 1358 725 1441; x_wconf 81' lang='grc' dir='ltr'>ἀπηὺρα”</span> <span class='ocrx_word' id='word_1_94' title='bbox 741 1357 794 1445; x_wconf 91' lang='grc' dir='ltr'><strong>(ΙΙ.</strong></span> <span class='ocrx_word' id='word_1_95' title='bbox 819 1378 868 1425; x_wconf 91' lang='grc'>10.</span> <span class='ocrx_word' id='word_1_96' title='bbox 889 1371 953 1443; x_wconf 83' lang='grc'>495</span> <span class='ocrx_word' id='word_1_97' title='bbox 977 1357 1042 1445; x_wconf 76' lang='grc' dir='ltr'>αλ),</span> <span class='ocrx_word' id='word_1_98' title='bbox 1065 1358 1120 1438; x_wconf 79' lang='grc' dir='ltr'>τὴν</span> <span class='ocrx_word' id='word_1_99' title='bbox 1142 1356 1311 1436; x_wconf 75' lang='grc' dir='ltr'>ἐπιθυμίαν,</span> <span class='ocrx_word' id='word_1_100' title='bbox 1329 1378 1366 1417; x_wconf 88' lang='lat'>10</span> 
     </span>
     <span class='ocr_line' id='line_1_12' title="bbox 162 1457 1313 1550; baseline -0.007 -22"><span class='ocrx_word' id='word_1_101' title='bbox 162 1463 216 1550; x_wconf 80' lang='grc' dir='ltr'>“φ</span> <span class='ocrx_word' id='word_1_102' title='bbox 239 1466 320 1549; x_wconf 73' lang='grc' dir='ltr'>θυμῷ</span> <span class='ocrx_word' id='word_1_103' title='bbox 337 1463 446 1542; x_wconf 79' lang='grc' dir='ltr'>εἴξασα</span> <span class='ocrx_word' id='word_1_104' title='bbox 463 1463 537 1544; x_wconf 92' lang='grc' dir='ltr'>μίγη</span> <span class='ocrx_word' id='word_1_105' title='bbox 556 1463 700 1544; x_wconf 87' lang='grc' dir='ltr'>φιλότητι</span> <span class='ocrx_word' id='word_1_106' title='bbox 722 1464 772 1528; x_wconf 83' lang='grc' dir='ltr'>καὶ</span> <span class='ocrx_word' id='word_1_107' title='bbox 793 1460 891 1549; x_wconf 75' lang='grc' dir='ltr'>εὑνή”</span> <span class='ocrx_word' id='word_1_108' title='bbox 906 1459 1025 1548; x_wconf 61' lang='grc'>(0185.</span> <span class='ocrx_word' id='word_1_109' title='bbox 1041 1457 1126 1545; x_wconf 83' lang='lat'>126),</span> <span class='ocrx_word' id='word_1_110' title='bbox 1141 1459 1194 1524; x_wconf 82' lang='lat' dir='ltr'>rbv</span> <span class='ocrx_word' id='word_1_111' title='bbox 1210 1462 1313 1524; x_wconf 80' lang='grc' dir='ltr'>ἐπιλο-</span> 
     </span>
     <span class='ocr_line' id='line_1_13' title="bbox 161 1560 1313 1653; baseline -0.007 -21"><span class='ocrx_word' id='word_1_112' title='bbox 161 1568 283 1653; x_wconf 87' lang='grc' dir='ltr'>γισμόν,</span> <span class='ocrx_word' id='word_1_113' title='bbox 306 1567 346 1633; x_wconf 78' lang='grc' dir='ltr'>ὣς</span> <span class='ocrx_word' id='word_1_114' title='bbox 372 1571 406 1629; x_wconf 85' lang='grc' dir='ltr'>τὸ</span> <span class='ocrx_word' id='word_1_115' title='bbox 428 1565 557 1647; x_wconf 80' lang='grc' dir='ltr'>“έτερος</span> <span class='ocrx_word' id='word_1_116' title='bbox 583 1563 619 1630; x_wconf 90' lang='grc' dir='ltr'>δέ</span> <span class='ocrx_word' id='word_1_117' title='bbox 644 1592 678 1630; x_wconf 92' lang='grc' dir='ltr'>τε</span> <span class='ocrx_word' id='word_1_118' title='bbox 704 1566 795 1646; x_wconf 86' lang='grc' dir='ltr'>θυμὺς</span> <span class='ocrx_word' id='word_1_119' title='bbox 824 1564 960 1644; x_wconf 82' lang='grc' dir='ltr'>ἆνῆκεν”</span> <span class='ocrx_word' id='word_1_120' title='bbox 985 1562 1061 1651; x_wconf 83' lang='lat' dir='ltr'>(Od.</span> <span class='ocrx_word' id='word_1_121' title='bbox 1087 1583 1117 1648; x_wconf 91' lang='lat'>9.</span> <span class='ocrx_word' id='word_1_122' title='bbox 1143 1560 1231 1648; x_wconf 82' lang='lat'>302),</span> <span class='ocrx_word' id='word_1_123' title='bbox 1257 1562 1313 1641; x_wconf 77' lang='grc' dir='ltr'>τήν</span> 
     </span>
     <span class='ocr_line' id='line_1_14' title="bbox 163 1666 1094 1756; baseline -0.005 -21"><span class='ocrx_word' id='word_1_124' title='bbox 163 1672 316 1752; x_wconf 83' lang='grc' dir='ltr'>ὁμόνοιαν,</span> <span class='ocrx_word' id='word_1_125' title='bbox 333 1669 372 1736; x_wconf 85' lang='grc' dir='ltr'>ὧς</span> <span class='ocrx_word' id='word_1_126' title='bbox 387 1669 422 1733; x_wconf 82' lang='grc' dir='ltr'>τὸ</span> <span class='ocrx_word' id='word_1_127' title='bbox 436 1669 517 1734; x_wconf 60' lang='lat' dir='ltr'>“bra</span> <span class='ocrx_word' id='word_1_128' title='bbox 532 1669 626 1749; x_wconf 85' lang='grc' dir='ltr'>θυμὺν</span> <span class='ocrx_word' id='word_1_129' title='bbox 640 1670 747 1753; x_wconf 85' lang='grc' dir='ltr'>έχοντε</span> <span class='ocrx_word' id='word_1_130' title='bbox 757 1668 778 1697; x_wconf 84' lang='grc'>”</span> <span class='ocrx_word' id='word_1_131' title='bbox 793 1666 867 1754; x_wconf 76' lang='grc'>(08.</span> <span class='ocrx_word' id='word_1_132' title='bbox 885 1690 915 1756; x_wconf 82' lang='lat'>3.</span> <span class='ocrx_word' id='word_1_133' title='bbox 933 1666 1009 1754; x_wconf 90' lang='grc'>128)</span> <span class='ocrx_word' id='word_1_134' title='bbox 1024 1668 1094 1730; x_wconf 89' lang='lat' dir='ltr'>A:</span> 
     </span>
    </p>

    <p class='ocr_par' dir='ltr' id='par_1_7' title="bbox 165 1768 1369 2165">
     <span class='ocr_line' id='line_1_15' title="bbox 209 1768 1315 1860; baseline -0.005 -23"><span class='ocrx_word' id='word_1_135' title='bbox 209 1789 280 1855; x_wconf 88' lang='lat'>174.</span> <span class='ocrx_word' id='word_1_136' title='bbox 306 1768 487 1860; x_wconf 88' lang='grc' dir='ltr'>&lt;μητιέτα&gt;]</span> <span class='ocrx_word' id='word_1_137' title='bbox 510 1772 651 1853; x_wconf 88' lang='grc' dir='ltr'>μητιέτης</span> <span class='ocrx_word' id='word_1_138' title='bbox 671 1772 765 1839; x_wconf 71' lang='grc' dir='ltr'>ἐστίν·</span> <span class='ocrx_word' id='word_1_139' title='bbox 789 1773 854 1836; x_wconf 70' lang='grc' dir='ltr'>ὁδὶ</span> <span class='ocrx_word' id='word_1_140' title='bbox 874 1777 1008 1838; x_wconf 84' lang='grc' dir='ltr'>τοιοῦτος</span> <span class='ocrx_word' id='word_1_141' title='bbox 1027 1773 1241 1854; x_wconf 83' lang='grc' dir='ltr'>σχηματισμὸς</span> <span class='ocrx_word' id='word_1_142' title='bbox 1254 1773 1315 1833; x_wconf 80' lang='grc' dir='ltr'>τῶν</span> 
     </span>
     <span class='ocr_line' id='line_1_16' title="bbox 165 1872 1369 1961; baseline -0.007 -19"><span class='ocrx_word' id='word_1_143' title='bbox 165 1884 305 1942; x_wconf 81' lang='grc' dir='ltr'>Βοιωτῶν</span> <span class='ocrx_word' id='word_1_144' title='bbox 331 1875 381 1941; x_wconf 79' lang='grc' dir='ltr'>καὶ</span> <span class='ocrx_word' id='word_1_145' title='bbox 407 1875 544 1941; x_wconf 75' lang='grc' dir='ltr'>Αἰολέων</span> <span class='ocrx_word' id='word_1_146' title='bbox 567 1878 661 1950; x_wconf 74' lang='grc' dir='ltr'>ἐστίν,</span> <span class='ocrx_word' id='word_1_147' title='bbox 688 1876 728 1942; x_wconf 85' lang='grc' dir='ltr'>ὑς</span> <span class='ocrx_word' id='word_1_148' title='bbox 753 1875 787 1939; x_wconf 82' lang='grc' dir='ltr'>τὸ</span> <span class='ocrx_word' id='word_1_149' title='bbox 813 1874 996 1940; x_wconf 56' lang='lat' dir='ltr'>“Qum&#39;&#39;</span> <span class='ocrx_word' id='word_1_150' title='bbox 1019 1872 1073 1961; x_wconf 88' lang='grc' dir='ltr'>(Ιί.</span> <span class='ocrx_word' id='word_1_151' title='bbox 1098 1892 1127 1939; x_wconf 94' lang='grc'>2.</span> <span class='ocrx_word' id='word_1_152' title='bbox 1151 1874 1225 1956; x_wconf 88' lang='grc'>107)</span> <span class='ocrx_word' id='word_1_153' title='bbox 1249 1872 1315 1936; x_wconf 82' lang='grc' dir='ltr'>ἀντὶ</span> <span class='ocrx_word' id='word_1_154' title='bbox 1334 1888 1369 1948; x_wconf 85' lang='lat'>¹5</span> 
     </span>
     <span class='ocr_line' id='line_1_17' title="bbox 165 1974 1317 2063; baseline -0.004 -17"><span class='ocrx_word' id='word_1_155' title='bbox 165 1986 218 2046; x_wconf 88' lang='grc' dir='ltr'>τοὺ</span> <span class='ocrx_word' id='word_1_156' title='bbox 233 1978 372 2059; x_wconf 76' lang='grc' dir='ltr'>Θυέστης</span> <span class='ocrx_word' id='word_1_157' title='bbox 387 1980 436 2044; x_wconf 81' lang='grc' dir='ltr'>καὶ</span> <span class='ocrx_word' id='word_1_158' title='bbox 452 1985 471 2013; x_wconf 92' lang='grc'>“</span> <span class='ocrx_word' id='word_1_159' title='bbox 481 1976 704 2063; x_wconf 87' lang='grc' dir='ltr'>νεφεληγερέτα</span> <span class='ocrx_word' id='word_1_160' title='bbox 710 1976 728 2003; x_wconf 89' lang='grc'>”</span> <span class='ocrx_word' id='word_1_161' title='bbox 745 1977 812 2042; x_wconf 79' lang='grc' dir='ltr'>ἀντὶ</span> <span class='ocrx_word' id='word_1_162' title='bbox 827 1983 880 2042; x_wconf 88' lang='grc' dir='ltr'>τοὺ</span> <span class='ocrx_word' id='word_1_163' title='bbox 895 1976 1143 2061; x_wconf 86' lang='grc' dir='ltr'>νεφεληγερέτης·</span> <span class='ocrx_word' id='word_1_164' title='bbox 1159 1974 1229 2059; x_wconf 86' lang='grc' dir='ltr'>παρ’</span> <span class='ocrx_word' id='word_1_165' title='bbox 1244 1975 1317 2054; x_wconf 81' lang='grc' dir='ltr'>ἡμῖν</span> 
     </span>
     <span class='ocr_line' id='line_1_18' title="bbox 165 2080 1128 2165; baseline -0.004 -16"><span class='ocrx_word' id='word_1_166' title='bbox 165 2086 200 2149; x_wconf 76' lang='grc' dir='ltr'>δὲ</span> <span class='ocrx_word' id='word_1_167' title='bbox 215 2084 302 2150; x_wconf 72' lang='grc' dir='ltr'>οὐδὲν</span> <span class='ocrx_word' id='word_1_168' title='bbox 317 2085 412 2163; x_wconf 82' lang='grc' dir='ltr'>ὄνομα</span> <span class='ocrx_word' id='word_1_169' title='bbox 427 2085 588 2165; x_wconf 80' lang='grc' dir='ltr'>ἀρσενικὸν</span> <span class='ocrx_word' id='word_1_170' title='bbox 602 2080 653 2148; x_wconf 71' lang='grc' dir='ltr'>ἐπὶ</span> <span class='ocrx_word' id='word_1_171' title='bbox 668 2085 721 2162; x_wconf 83' lang='grc' dir='ltr'>τῆς</span> <span class='ocrx_word' id='word_1_172' title='bbox 737 2081 854 2149; x_wconf 82' lang='grc' dir='ltr'>εὐθείας</span> <span class='ocrx_word' id='word_1_173' title='bbox 869 2083 912 2148; x_wconf 78' lang='grc' dir='ltr'>εἰς</span> <span class='ocrx_word' id='word_1_174' title='bbox 927 2087 947 2145; x_wconf 80' lang='grc' dir='ltr'>α</span> <span class='ocrx_word' id='word_1_175' title='bbox 960 2080 1050 2164; x_wconf 93' lang='grc' dir='ltr'>λήγει</span> <span class='ocrx_word' id='word_1_176' title='bbox 1065 2086 1128 2152; x_wconf 82' lang='lat' dir='ltr'>A÷</span> 
     </span>
    </p>

    <p class='ocr_par' dir='ltr' id='par_1_8' title="bbox 167 2182 1319 2377">
     <span class='ocr_line' id='line_1_19' title="bbox 214 2182 1319 2275; baseline 0 -25"><span class='ocrx_word' id='word_1_177' title='bbox 214 2188 284 2268; x_wconf 89' lang='lat'>176.</span> <span class='ocrx_word' id='word_1_178' title='bbox 309 2182 442 2275; x_wconf 82' lang='grc' dir='ltr'>&lt;έσσί&gt;]</span> <span class='ocrx_word' id='word_1_179' title='bbox 474 2187 514 2251; x_wconf 87' lang='grc' dir='ltr'>έω</span> <span class='ocrx_word' id='word_1_180' title='bbox 543 2187 578 2251; x_wconf 83' lang='grc' dir='ltr'>τὸ</span> <span class='ocrx_word' id='word_1_181' title='bbox 607 2185 732 2268; x_wconf 78' lang='grc' dir='ltr'>ὑπάρχω</span> <span class='ocrx_word' id='word_1_182' title='bbox 762 2187 835 2266; x_wconf 80' lang='grc' dir='ltr'>έσμί</span> <span class='ocrx_word' id='word_1_183' title='bbox 856 2185 977 2269; x_wconf 82' lang='grc' dir='ltr'>έμ(μ)ί</span> <span class='ocrx_word' id='word_1_184' title='bbox 999 2185 1236 2270; x_wconf 80' lang='grc' dir='ltr'>(έμσί&gt;-ὅπερ</span> <span class='ocrx_word' id='word_1_185' title='bbox 1262 2185 1319 2268; x_wconf 87' lang='grc' dir='ltr'>οὑχ</span> 
     </span>
     <span class='ocr_line' id='line_1_20' title="bbox 167 2289 838 2377; baseline -0.003 -23"><span class='ocrx_word' id='word_1_186' title='bbox 167 2292 383 2375; x_wconf 77' lang='grc' dir='ltr'>εὕρηται-καὶ</span> <span class='ocrx_word' id='word_1_187' title='bbox 398 2291 493 2377; x_wconf 85' lang='grc' dir='ltr'>τροπῇ</span> <span class='ocrx_word' id='word_1_188' title='bbox 510 2289 598 2370; x_wconf 71' lang='grc' dir='ltr'>τοῦμ</span> <span class='ocrx_word' id='word_1_189' title='bbox 613 2293 656 2357; x_wconf 88' lang='grc' dir='ltr'>είς</span> <span class='ocrx_word' id='word_1_190' title='bbox 672 2290 694 2354; x_wconf 74' lang='grc' dir='ltr'><em>ἆ</em></span> <span class='ocrx_word' id='word_1_191' title='bbox 708 2297 728 2325; x_wconf 88' lang='grc'>“</span> <span class='ocrx_word' id='word_1_192' title='bbox 741 2289 838 2355; x_wconf 82' lang='grc' dir='ltr'>έσσί”</span> 
     </span>
    </p>

    <p class='ocr_par' dir='ltr' id='par_1_9' title="bbox 215 2389 1374 2481">
     <span class='ocr_line' id='line_1_21' title="bbox 215 2389 1374 2481; baseline -0.002 -23"><span class='ocrx_word' id='word_1_193' title='bbox 215 2394 286 2477; x_wconf 90' lang='grc'>178.</span> <span class='ocrx_word' id='word_1_194' title='bbox 310 2391 392 2481; x_wconf 87' lang='grc' dir='ltr'>θεός]</span> <span class='ocrx_word' id='word_1_195' title='bbox 408 2393 427 2473; x_wconf 86' lang='grc' dir='ltr'><em>ἡ</em></span> <span class='ocrx_word' id='word_1_196' title='bbox 444 2391 604 2476; x_wconf 72' lang='grc' dir='ltr'>εἱμαρμένη</span> <span class='ocrx_word' id='word_1_197' title='bbox 740 2391 810 2458; x_wconf 89' lang='grc'>182.</span> <span class='ocrx_word' id='word_1_198' title='bbox 834 2392 874 2460; x_wconf 76' lang='lat' dir='ltr'>br</span> <span class='ocrx_word' id='word_1_199' title='bbox 889 2389 956 2480; x_wconf 87' lang='grc' dir='ltr'>έμέ]</span> <span class='ocrx_word' id='word_1_200' title='bbox 973 2394 1076 2475; x_wconf 79' lang='grc' dir='ltr'>ὥσπερ</span> <span class='ocrx_word' id='word_1_201' title='bbox 1091 2391 1146 2472; x_wconf 83' lang='grc' dir='ltr'>έμέ</span> <span class='ocrx_word' id='word_1_202' title='bbox 1337 2423 1374 2463; x_wconf 78' lang='lat'>20</span> 
     </span>
    </p>

    <p class='ocr_par' dir='ltr' id='par_1_10' title="bbox 215 2493 952 2585">
     <span class='ocr_line' id='line_1_22' title="bbox 215 2493 952 2585; baseline -0.001 -23"><span class='ocrx_word' id='word_1_203' title='bbox 215 2498 287 2580; x_wconf 89' lang='lat'>187.</span> <span class='ocrx_word' id='word_1_204' title='bbox 308 2493 393 2585; x_wconf 80' lang='grc' dir='ltr'>ἴσον]</span> <span class='ocrx_word' id='word_1_205' title='bbox 411 2494 556 2579; x_wconf 85' lang='grc' dir='ltr'>ίσήγορον</span> <span class='ocrx_word' id='word_1_206' title='bbox 694 2514 765 2580; x_wconf 90' lang='lat'>190.</span> <span class='ocrx_word' id='word_1_207' title='bbox 789 2495 884 2580; x_wconf 77' lang='grc' dir='ltr'>παρά]</span> <span class='ocrx_word' id='word_1_208' title='bbox 900 2499 952 2561; x_wconf 83' lang='grc' dir='ltr'>έπί</span> 
     </span>
    </p>

    <p class='ocr_par' dir='ltr' id='par_1_11' title="bbox 217 2596 996 2688">
     <span class='ocr_line' id='line_1_23' title="bbox 217 2596 996 2688; baseline -0.001 -22"><span class='ocrx_word' id='word_1_209' title='bbox 217 2622 288 2687; x_wconf 90' lang='grc'>191.</span> <span class='ocrx_word' id='word_1_210' title='bbox 312 2596 527 2688; x_wconf 79' lang='grc' dir='ltr'>ἀναστήσειεν]</span> <span class='ocrx_word' id='word_1_211' title='bbox 544 2600 780 2679; x_wconf 80' lang='grc' dir='ltr'>ἆναστατθσειε,</span> <span class='ocrx_word' id='word_1_212' title='bbox 795 2599 996 2682; x_wconf 88' lang='grc' dir='ltr'>θορυβήσειεν</span> 
     </span>
    </p>

    <p class='ocr_par' dir='ltr' id='par_1_12' title="bbox 173 2701 1321 2893">
     <span class='ocr_line' id='line_1_24' title="bbox 219 2701 1321 2788; baseline -0.001 -18"><span class='ocrx_word' id='word_1_213' title='bbox 219 2724 290 2788; x_wconf 87' lang='grc'>194.</span> <span class='ocrx_word' id='word_1_214' title='bbox 315 2703 449 2787; x_wconf 87' lang='grc' dir='ltr'>κολεοῖο]</span> <span class='ocrx_word' id='word_1_215' title='bbox 464 2708 516 2783; x_wconf 83' lang='grc' dir='ltr'>τῆς</span> <span class='ocrx_word' id='word_1_216' title='bbox 532 2701 700 2785; x_wconf 81' lang='grc' dir='ltr'>ξιφοθήκης</span> <span class='ocrx_word' id='word_1_217' title='bbox 715 2704 767 2780; x_wconf 75' lang='grc' dir='ltr'>τῆς</span> <span class='ocrx_word' id='word_1_218' title='bbox 781 2702 817 2769; x_wconf 87' lang='lat' dir='ltr'>rb</span> <span class='ocrx_word' id='word_1_219' title='bbox 832 2703 1038 2784; x_wconf 84' lang='grc' dir='ltr'>κολοβοποιὺυ</span> <span class='ocrx_word' id='word_1_220' title='bbox 1052 2704 1207 2788; x_wconf 78' lang='grc' dir='ltr'>φερούσης</span> <span class='ocrx_word' id='word_1_221' title='bbox 1222 2703 1321 2787; x_wconf 82' lang='grc' dir='ltr'>ξίφος.</span> 
     </span>
     <span class='ocr_line' id='line_1_25' title="bbox 173 2808 540 2893; baseline -0.008 -18"><span class='ocrx_word' id='word_1_222' title='bbox 173 2812 267 2876; x_wconf 82' lang='grc' dir='ltr'>κόλον</span> <span class='ocrx_word' id='word_1_223' title='bbox 280 2812 339 2893; x_wconf 79' lang='grc' dir='ltr'>γὰρ</span> <span class='ocrx_word' id='word_1_224' title='bbox 354 2808 389 2873; x_wconf 82' lang='grc' dir='ltr'>τὸ</span> <span class='ocrx_word' id='word_1_225' title='bbox 404 2809 540 2888; x_wconf 87' lang='grc' dir='ltr'>κολοβόν</span> 
     </span>
    </p>

    <p class='ocr_par' dir='ltr' id='par_1_13' title="bbox 222 2909 1377 2999">
     <span class='ocr_line' id='line_1_26' title="bbox 222 2909 1377 2999; baseline 0.003 -21"><span class='ocrx_word' id='word_1_226' title='bbox 222 2926 291 2999; x_wconf 84' lang='grc'>195.</span> <span class='ocrx_word' id='word_1_227' title='bbox 314 2911 440 2995; x_wconf 84' lang='grc' dir='ltr'>οὑρανδν</span> <span class='ocrx_word' id='word_1_228' title='bbox 454 2911 509 2992; x_wconf 79' lang='grc' dir='ltr'>τὴν</span> <span class='ocrx_word' id='word_1_229' title='bbox 524 2909 664 2993; x_wconf 85' lang='grc' dir='ltr'>κεφαλήν</span> <span class='ocrx_word' id='word_1_230' title='bbox 679 2920 759 2994; x_wconf 90' lang='grc' dir='ltr'>φησι</span> <span class='ocrx_word' id='word_1_231' title='bbox 773 2915 824 2978; x_wconf 82' lang='grc' dir='ltr'>διδ</span> <span class='ocrx_word' id='word_1_232' title='bbox 838 2919 873 2978; x_wconf 83' lang='grc' dir='ltr'>τὸ</span> <span class='ocrx_word' id='word_1_233' title='bbox 889 2913 1082 2997; x_wconf 81' lang='grc' dir='ltr'>σφαιροειδές</span> <span class='ocrx_word' id='word_1_234' title='bbox 1340 2935 1377 2997; x_wconf 81' lang='lat'>25</span> 
     </span>
    </p>

    <p class='ocr_par' dir='ltr' id='par_1_14' title="bbox 175 3014 1385 4344">
     <span class='ocr_line' id='line_1_27' title="bbox 314 3014 1321 3106; baseline 0.003 -27"><span class='ocrx_word' id='word_1_235' title='bbox 314 3017 431 3095; x_wconf 80' lang='grc' dir='ltr'>Ἀθηνᾶ</span> <span class='ocrx_word' id='word_1_236' title='bbox 452 3017 536 3079; x_wconf 80' lang='grc' dir='ltr'>ἐστιν</span> <span class='ocrx_word' id='word_1_237' title='bbox 557 3014 645 3094; x_wconf 84' lang='grc' dir='ltr'>ἡτοῦ</span> <span class='ocrx_word' id='word_1_238' title='bbox 666 3016 741 3083; x_wconf 79' lang='grc' dir='ltr'>Διὸς</span> <span class='ocrx_word' id='word_1_239' title='bbox 761 3017 926 3097; x_wconf 82' lang='grc' dir='ltr'>σὺνεσις,ἡ</span> <span class='ocrx_word' id='word_1_240' title='bbox 949 3018 1023 3098; x_wconf 56' lang='lat' dir='ltr'>abab</span> <span class='ocrx_word' id='word_1_241' title='bbox 1043 3018 1123 3082; x_wconf 89' lang='grc' dir='ltr'>οὑσα</span> <span class='ocrx_word' id='word_1_242' title='bbox 1141 3020 1178 3106; x_wconf 79' lang='grc' dir='ltr'>τῇ</span> <span class='ocrx_word' id='word_1_243' title='bbox 1195 3020 1228 3084; x_wconf 82' lang='grc' dir='ltr'>έν</span> <span class='ocrx_word' id='word_1_244' title='bbox 1243 3017 1321 3103; x_wconf 78' lang='grc' dir='ltr'>αὑτφ</span> 
     </span>
     <span class='ocr_line' id='line_1_28' title="bbox 175 3118 1324 3206; baseline 0.002 -20"><span class='ocrx_word' id='word_1_245' title='bbox 175 3122 311 3205; x_wconf 81' lang='grc' dir='ltr'>προνοίη·</span> <span class='ocrx_word' id='word_1_246' title='bbox 339 3118 386 3183; x_wconf 85' lang='grc' dir='ltr'>διὸ</span> <span class='ocrx_word' id='word_1_247' title='bbox 408 3119 457 3183; x_wconf 85' lang='grc' dir='ltr'>καὶ</span> <span class='ocrx_word' id='word_1_248' title='bbox 476 3119 628 3201; x_wconf 89' lang='grc' dir='ltr'>Προνοίας</span> <span class='ocrx_word' id='word_1_249' title='bbox 640 3119 772 3198; x_wconf 78' lang='grc' dir='ltr'>Ἀθηνᾶς</span> <span class='ocrx_word' id='word_1_250' title='bbox 787 3122 901 3201; x_wconf 83' lang='grc' dir='ltr'>ίδρυται</span> <span class='ocrx_word' id='word_1_251' title='bbox 923 3122 1004 3188; x_wconf 82' lang='grc' dir='ltr'>ναός.</span> <span class='ocrx_word' id='word_1_252' title='bbox 1029 3120 1154 3205; x_wconf 86' lang='grc' dir='ltr'>λέγεται</span> <span class='ocrx_word' id='word_1_253' title='bbox 1169 3125 1202 3187; x_wconf 73' lang='grc' dir='ltr'>δὲ</span> <span class='ocrx_word' id='word_1_254' title='bbox 1217 3148 1324 3206; x_wconf 85' lang='grc' dir='ltr'>γεννη·</span> 
     </span>
     <span class='ocr_line' id='line_1_29' title="bbox 176 3220 1327 3309; baseline 0.001 -20"><span class='ocrx_word' id='word_1_255' title='bbox 176 3228 265 3302; x_wconf 81' lang='grc' dir='ltr'>θῆναι</span> <span class='ocrx_word' id='word_1_256' title='bbox 286 3225 321 3288; x_wconf 78' lang='grc' dir='ltr'>έιὲ</span> <span class='ocrx_word' id='word_1_257' title='bbox 339 3226 392 3302; x_wconf 82' lang='grc' dir='ltr'>τῆς</span> <span class='ocrx_word' id='word_1_258' title='bbox 413 3225 550 3304; x_wconf 79' lang='grc' dir='ltr'>κεφαλῆς</span> <span class='ocrx_word' id='word_1_259' title='bbox 572 3226 624 3285; x_wconf 82' lang='grc' dir='ltr'>τοῦ</span> <span class='ocrx_word' id='word_1_260' title='bbox 647 3223 730 3301; x_wconf 85' lang='grc' dir='ltr'>Διός,</span> <span class='ocrx_word' id='word_1_261' title='bbox 749 3220 789 3289; x_wconf 82' lang='grc' dir='ltr'>ὡς</span> <span class='ocrx_word' id='word_1_262' title='bbox 812 3228 873 3288; x_wconf 80' lang='grc' dir='ltr'>τῶυ</span> <span class='ocrx_word' id='word_1_263' title='bbox 891 3225 1027 3309; x_wconf 79' lang='grc' dir='ltr'>δρχαίων</span> <span class='ocrx_word' id='word_1_264' title='bbox 1048 3226 1271 3306; x_wconf 88' lang='grc' dir='ltr'>ὑπολαβόντων</span> <span class='ocrx_word' id='word_1_265' title='bbox 1292 3225 1327 3290; x_wconf 93' lang='lat' dir='ltr'>rb</span> 
     </span>
     <span class='ocr_line' id='line_1_30' title="bbox 176 3325 1329 3412; baseline -0.001 -18"><span class='ocrx_word' id='word_1_266' title='bbox 176 3327 357 3412; x_wconf 77' lang='grc' dir='ltr'>ἡγεμονικὸν</span> <span class='ocrx_word' id='word_1_267' title='bbox 386 3329 438 3406; x_wconf 78' lang='grc' dir='ltr'>τῆς</span> <span class='ocrx_word' id='word_1_268' title='bbox 463 3330 568 3411; x_wconf 70' lang='grc' dir='ltr'>ψυχῆς</span> <span class='ocrx_word' id='word_1_269' title='bbox 596 3325 681 3405; x_wconf 80' lang='grc' dir='ltr'>ἡμῶν</span> <span class='ocrx_word' id='word_1_270' title='bbox 705 3327 833 3390; x_wconf 74' lang='grc' dir='ltr'>ἐνταῦθα</span> <span class='ocrx_word' id='word_1_271' title='bbox 863 3326 949 3405; x_wconf 77' lang='grc' dir='ltr'>εἶναι,</span> <span class='ocrx_word' id='word_1_272' title='bbox 975 3328 1026 3395; x_wconf 80' lang='grc' dir='ltr'>ὦς’</span> <span class='ocrx_word' id='word_1_273' title='bbox 1045 3329 1095 3394; x_wconf 81' lang='grc' dir='ltr'>καὶ</span> <span class='ocrx_word' id='word_1_274' title='bbox 1126 3330 1223 3412; x_wconf 75' lang='grc' dir='ltr'>ἕτεροι</span> <span class='ocrx_word' id='word_1_275' title='bbox 1250 3331 1329 3410; x_wconf 75' lang='grc' dir='ltr'>μετὰ</span> 
     </span>
     <span class='ocr_line' id='line_1_31' title="bbox 178 3427 1382 3513; baseline -0.002 -17"><span class='ocrx_word' id='word_1_276' title='bbox 178 3438 270 3496; x_wconf 83' lang='grc' dir='ltr'>ταῦτα</span> <span class='ocrx_word' id='word_1_277' title='bbox 291 3428 450 3510; x_wconf 72' lang='grc' dir='ltr'>ἐδόξασαν.</span> <span class='ocrx_word' id='word_1_278' title='bbox 481 3428 601 3512; x_wconf 80' lang='grc' dir='ltr'>ἀμήτωρ</span> <span class='ocrx_word' id='word_1_279' title='bbox 623 3427 657 3492; x_wconf 88' lang='grc' dir='ltr'>δέ</span> <span class='ocrx_word' id='word_1_280' title='bbox 680 3431 766 3494; x_wconf 76' lang='grc' dir='ltr'>ἔστιν</span> <span class='ocrx_word' id='word_1_281' title='bbox 786 3428 805 3508; x_wconf 86' lang='grc' dir='ltr'>ή</span> <span class='ocrx_word' id='word_1_282' title='bbox 827 3427 942 3510; x_wconf 79' lang='grc' dir='ltr'>Ἀθηνᾶ</span> <span class='ocrx_word' id='word_1_283' title='bbox 963 3432 1014 3495; x_wconf 81' lang='grc' dir='ltr'>διδ</span> <span class='ocrx_word' id='word_1_284' title='bbox 1035 3437 1071 3495; x_wconf 87' lang='lat' dir='ltr'>rb</span> <span class='ocrx_word' id='word_1_285' title='bbox 1093 3433 1225 3497; x_wconf 82' lang='grc' dir='ltr'>ὀλλοίαν</span> <span class='ocrx_word' id='word_1_286' title='bbox 1251 3434 1329 3498; x_wconf 76' lang='grc' dir='ltr'>εἶναι</span> <span class='ocrx_word' id='word_1_287' title='bbox 1343 3453 1382 3513; x_wconf 80' lang='lat'>30</span> 
     </span>
     <span class='ocr_line' id='line_1_32' title="bbox 179 3531 1330 3619; baseline 0.001 -17"><span class='ocrx_word' id='word_1_288' title='bbox 179 3536 235 3616; x_wconf 79' lang='grc' dir='ltr'>τὴν</span> <span class='ocrx_word' id='word_1_289' title='bbox 254 3538 307 3614; x_wconf 84' lang='grc' dir='ltr'>τῆς</span> <span class='ocrx_word' id='word_1_290' title='bbox 326 3537 433 3617; x_wconf 77' lang='grc' dir='ltr'>ἀρετῆς</span> <span class='ocrx_word' id='word_1_291' title='bbox 452 3532 576 3616; x_wconf 86' lang='grc' dir='ltr'>γένεσιν</span> <span class='ocrx_word' id='word_1_292' title='bbox 591 3531 639 3596; x_wconf 79' lang='grc' dir='ltr'>καί</span> <span class='ocrx_word' id='word_1_293' title='bbox 655 3532 712 3617; x_wconf 86' lang='grc' dir='ltr'>οὑχ</span> <span class='ocrx_word' id='word_1_294' title='bbox 733 3534 785 3598; x_wconf 77' lang='grc' dir='ltr'>οἶα</span> <span class='ocrx_word' id='word_1_295' title='bbox 804 3539 865 3598; x_wconf 77' lang='grc' dir='ltr'>τῶν</span> <span class='ocrx_word' id='word_1_296' title='bbox 882 3535 916 3598; x_wconf 78' lang='grc' dir='ltr'>ἐκ</span> <span class='ocrx_word' id='word_1_297' title='bbox 936 3539 1130 3616; x_wconf 81' lang='grc' dir='ltr'>συνδυασμοῦ</span> <span class='ocrx_word' id='word_1_298' title='bbox 1149 3535 1330 3619; x_wconf 83' lang='grc' dir='ltr'>γενομένων.</span> 
     </span>
     <span class='ocr_line' id='line_1_33' title="bbox 180 3636 1331 3722; baseline 0.001 -18"><span class='ocrx_word' id='word_1_299' title='bbox 180 3638 302 3722; x_wconf 89' lang='grc' dir='ltr'>λέγεται</span> <span class='ocrx_word' id='word_1_300' title='bbox 325 3639 358 3702; x_wconf 76' lang='grc' dir='ltr'>δὲ</span> <span class='ocrx_word' id='word_1_301' title='bbox 380 3637 421 3704; x_wconf 83' lang='grc' dir='ltr'>ὑς</span> <span class='ocrx_word' id='word_1_302' title='bbox 442 3636 498 3716; x_wconf 75' lang='grc' dir='ltr'>τὴν</span> <span class='ocrx_word' id='word_1_303' title='bbox 520 3639 622 3714; x_wconf 86' lang='grc' dir='ltr'>Μῆτιν</span> <span class='ocrx_word' id='word_1_304' title='bbox 644 3638 798 3702; x_wconf 75' lang='grc' dir='ltr'>καταπιὼν</span> <span class='ocrx_word' id='word_1_305' title='bbox 819 3637 837 3700; x_wconf 86' lang='grc' dir='ltr'>ὑ</span> <span class='ocrx_word' id='word_1_306' title='bbox 857 3636 933 3704; x_wconf 90' lang='grc' dir='ltr'>Ζεὺς</span> <span class='ocrx_word' id='word_1_307' title='bbox 951 3636 1063 3718; x_wconf 78' lang='grc' dir='ltr'>ταύτην</span> <span class='ocrx_word' id='word_1_308' title='bbox 1082 3637 1252 3722; x_wconf 73' lang='grc' dir='ltr'>ἐγέννησεν·</span> <span class='ocrx_word' id='word_1_309' title='bbox 1273 3667 1331 3722; x_wconf 92' lang='grc' dir='ltr'>μη·</span> 
     </span>
     <span class='ocr_line' id='line_1_34' title="bbox 181 3737 1333 3825; baseline 0.002 -18"><span class='ocrx_word' id='word_1_310' title='bbox 181 3742 280 3821; x_wconf 88' lang='grc' dir='ltr'>τιέτης</span> <span class='ocrx_word' id='word_1_311' title='bbox 299 3744 357 3825; x_wconf 73' lang='grc' dir='ltr'>γὰρ</span> <span class='ocrx_word' id='word_1_312' title='bbox 376 3741 425 3805; x_wconf 84' lang='grc' dir='ltr'>καὶ</span> <span class='ocrx_word' id='word_1_313' title='bbox 448 3739 572 3806; x_wconf 86' lang='grc' dir='ltr'>συνετὸς</span> <span class='ocrx_word' id='word_1_314' title='bbox 591 3737 633 3803; x_wconf 82' lang='grc' dir='ltr'>δν</span> <span class='ocrx_word' id='word_1_315' title='bbox 655 3739 822 3820; x_wconf 87' lang='grc' dir='ltr'>οὑδαμόθεν</span> <span class='ocrx_word' id='word_1_316' title='bbox 844 3737 1016 3820; x_wconf 78' lang='grc' dir='ltr'>ὑλλοθενή</span> <span class='ocrx_word' id='word_1_317' title='bbox 1039 3743 1072 3806; x_wconf 83' lang='grc' dir='ltr'>έκ</span> <span class='ocrx_word' id='word_1_318' title='bbox 1092 3745 1145 3822; x_wconf 78' lang='grc' dir='ltr'>τῆς</span> <span class='ocrx_word' id='word_1_319' title='bbox 1160 3744 1226 3808; x_wconf 87' lang='grc' dir='ltr'>καθ’</span> <span class='ocrx_word' id='word_1_320' title='bbox 1241 3745 1333 3809; x_wconf 81' lang='grc' dir='ltr'>αὑτὸν</span> 
     </span>
     <span class='ocr_line' id='line_1_35' title="bbox 182 3843 1332 3928; baseline -0.002 -17"><span class='ocrx_word' id='word_1_321' title='bbox 182 3850 298 3928; x_wconf 86' lang='grc' dir='ltr'>βουλῆς</span> <span class='ocrx_word' id='word_1_322' title='bbox 315 3844 370 3924; x_wconf 77' lang='grc' dir='ltr'>τὴν</span> <span class='ocrx_word' id='word_1_323' title='bbox 393 3844 490 3927; x_wconf 71' lang='grc' dir='ltr'>ἀρχὴν</span> <span class='ocrx_word' id='word_1_324' title='bbox 512 3848 565 3907; x_wconf 82' lang='grc' dir='ltr'>τοῦ</span> <span class='ocrx_word' id='word_1_325' title='bbox 587 3848 713 3926; x_wconf 83' lang='grc' dir='ltr'>φρονεῖν</span> <span class='ocrx_word' id='word_1_326' title='bbox 734 3844 836 3928; x_wconf 80' lang='grc' dir='ltr'>ἔσχεν.</span> <span class='ocrx_word' id='word_1_327' title='bbox 866 3846 1094 3928; x_wconf 80' lang='grc' dir='ltr'>έτνμολογεῖται</span> <span class='ocrx_word' id='word_1_328' title='bbox 1116 3847 1149 3909; x_wconf 76' lang='grc' dir='ltr'>δὲ</span> <span class='ocrx_word' id='word_1_329' title='bbox 1172 3843 1288 3925; x_wconf 79' lang='grc' dir='ltr'>Ἀθηνᾶ</span> <span class='ocrx_word' id='word_1_330' title='bbox 1313 3845 1332 3926; x_wconf 85' lang='grc' dir='ltr'>ή</span> 
     </span>
     <span class='ocr_line' id='line_1_36' title="bbox 183 3945 1385 4031; baseline -0.001 -17"><span class='ocrx_word' id='word_1_331' title='bbox 183 3952 243 4015; x_wconf 80' lang='grc' dir='ltr'>ἀπὸ</span> <span class='ocrx_word' id='word_1_332' title='bbox 265 3953 317 4013; x_wconf 86' lang='grc' dir='ltr'>τοὺ</span> <span class='ocrx_word' id='word_1_333' title='bbox 336 3949 440 4031; x_wconf 81' lang='grc' dir='ltr'>θθρεῖυ</span> <span class='ocrx_word' id='word_1_334' title='bbox 461 3945 568 4025; x_wconf 76' lang='grc' dir='ltr'>πάντα,</span> <span class='ocrx_word' id='word_1_335' title='bbox 591 3946 659 4026; x_wconf 87' lang='grc' dir='ltr'>ήτοι</span> <span class='ocrx_word' id='word_1_336' title='bbox 678 3946 812 4030; x_wconf 80' lang='grc' dir='ltr'>Ἀθρηνᾶ</span> <span class='ocrx_word' id='word_1_337' title='bbox 831 3972 877 4015; x_wconf 89' lang='grc' dir='ltr'>τις</span> <span class='ocrx_word' id='word_1_338' title='bbox 899 3945 1023 4028; x_wconf 72' lang='grc' dir='ltr'>οὑσαῆ</span> <span class='ocrx_word' id='word_1_339' title='bbox 1046 3946 1165 4028; x_wconf 84' lang='grc' dir='ltr'>Ἀθηλᾶ</span> <span class='ocrx_word' id='word_1_340' title='bbox 1187 3974 1233 4015; x_wconf 92' lang='grc' dir='ltr'>τις</span> <span class='ocrx_word' id='word_1_341' title='bbox 1255 3949 1334 4013; x_wconf 86' lang='grc' dir='ltr'>οὑσα</span> <span class='ocrx_word' id='word_1_342' title='bbox 1347 3963 1385 4027; x_wconf 82' lang='lat'>35</span> 
     </span>
     <span class='ocr_line' id='line_1_37' title="bbox 183 4050 1332 4134; baseline -0.001 -14"><span class='ocrx_word' id='word_1_343' title='bbox 183 4053 289 4120; x_wconf 77' lang='grc' dir='ltr'>διὰτὸ</span> <span class='ocrx_word' id='word_1_344' title='bbox 316 4053 422 4134; x_wconf 85' lang='grc' dir='ltr'>καίπερ</span> <span class='ocrx_word' id='word_1_345' title='bbox 445 4050 555 4131; x_wconf 81' lang='grc' dir='ltr'>θήλεια</span> <span class='ocrx_word' id='word_1_346' title='bbox 579 4051 657 4116; x_wconf 89' lang='grc' dir='ltr'>οὑσα</span> <span class='ocrx_word' id='word_1_347' title='bbox 681 4051 792 4132; x_wconf 86' lang='grc' dir='ltr'>ήκιστα</span> <span class='ocrx_word' id='word_1_348' title='bbox 816 4051 982 4132; x_wconf 88' lang='grc' dir='ltr'>θηλὺτητος</span> <span class='ocrx_word' id='word_1_349' title='bbox 1009 4052 1058 4116; x_wconf 75' lang='grc' dir='ltr'>καὶ</span> <span class='ocrx_word' id='word_1_350' title='bbox 1084 4051 1237 4119; x_wconf 81' lang='grc' dir='ltr'>έκλὺσεως</span> <span class='ocrx_word' id='word_1_351' title='bbox 1262 4077 1332 4134; x_wconf 86' lang='grc' dir='ltr'>μετ-</span> 
     </span>
     <span class='ocr_line' id='line_1_38' title="bbox 184 4154 1337 4242; baseline -0.003 -20"><span class='ocrx_word' id='word_1_352' title='bbox 184 4158 278 4242; x_wconf 85' lang='grc' dir='ltr'>έχειν·</span> <span class='ocrx_word' id='word_1_353' title='bbox 300 4161 432 4220; x_wconf 81' lang='grc' dir='ltr'>τοιοῦτοι</span> <span class='ocrx_word' id='word_1_354' title='bbox 456 4154 515 4239; x_wconf 80' lang='grc' dir='ltr'>γὰρ</span> <span class='ocrx_word' id='word_1_355' title='bbox 538 4157 568 4220; x_wconf 84' lang='grc' dir='ltr'>οί</span> <span class='ocrx_word' id='word_1_356' title='bbox 594 4156 745 4238; x_wconf 83' lang='grc' dir='ltr'>φρόνιμοι,</span> <span class='ocrx_word' id='word_1_357' title='bbox 768 4157 928 4239; x_wconf 76' lang='grc' dir='ltr'>ὑθροὺντες</span> <span class='ocrx_word' id='word_1_358' title='bbox 953 4155 1022 4236; x_wconf 88' lang='grc' dir='ltr'>ήτοι</span> <span class='ocrx_word' id='word_1_359' title='bbox 1045 4156 1274 4239; x_wconf 89' lang='grc' dir='ltr'>προβλέποντες</span> <span class='ocrx_word' id='word_1_360' title='bbox 1298 4158 1337 4220; x_wconf 86' lang='lat' dir='ltr'>rb</span> 
     </span>
     <span class='ocr_line' id='line_1_39' title="bbox 184 4257 1337 4344; baseline 0 -20"><span class='ocrx_word' id='word_1_361' title='bbox 184 4261 336 4342; x_wconf 83' lang='grc' dir='ltr'>μέλλοντα</span> <span class='ocrx_word' id='word_1_362' title='bbox 361 4259 411 4324; x_wconf 82' lang='grc' dir='ltr'>καὶ</span> <span class='ocrx_word' id='word_1_363' title='bbox 436 4259 549 4340; x_wconf 89' lang='grc' dir='ltr'>ήκιστα</span> <span class='ocrx_word' id='word_1_364' title='bbox 576 4260 760 4343; x_wconf 81' lang='grc' dir='ltr'>χαυνότητος</span> <span class='ocrx_word' id='word_1_365' title='bbox 787 4257 977 4344; x_wconf 87' lang='grc' dir='ltr'>μετέχοντες.</span> <span class='ocrx_word' id='word_1_366' title='bbox 1018 4259 1182 4342; x_wconf 87' lang='grc' dir='ltr'>παρθενεία</span> <span class='ocrx_word' id='word_1_367' title='bbox 1206 4258 1240 4323; x_wconf 89' lang='grc' dir='ltr'>δέ</span> <span class='ocrx_word' id='word_1_368' title='bbox 1269 4261 1337 4324; x_wconf 77' lang='grc' dir='ltr'>ἐστι</span> 
     </span>
    </p>
   </div>
   <div class='ocr_carea' id='block_1_3' title="bbox 185 4392 1335 4660">
    <p class='ocr_par' dir='ltr' id='par_1_15' title="bbox 185 4392 1335 4660">
     <span class='ocr_line' id='line_1_40' title="bbox 219 4392 1335 4461; baseline -0.005 -10"><span class='ocrx_word' id='word_1_369' title='bbox 219 4411 243 4461; x_wconf 70' lang='grc'>9</span> <span class='ocrx_word' id='word_1_370' title='bbox 254 4394 379 4451; x_wconf 76' lang='grc' dir='ltr'>Βασιλέων</span> <span class='ocrx_word' id='word_1_371' title='bbox 396 4401 407 4456; x_wconf 83' lang='grc' dir='ltr'>ΙΙ</span> <span class='ocrx_word' id='word_1_372' title='bbox 426 4409 465 4445; x_wconf 80' lang='grc' dir='ltr'>ιτ.</span> <span class='ocrx_word' id='word_1_373' title='bbox 481 4393 509 4446; x_wconf 76' lang='grc' dir='ltr'>δέ</span> <span class='ocrx_word' id='word_1_374' title='bbox 519 4412 549 4457; x_wconf 84' lang='grc' dir='ltr'>μι</span> <span class='ocrx_word' id='word_1_375' title='bbox 560 4395 633 4446; x_wconf 85' lang='lat' dir='ltr'>oodd.</span> <span class='ocrx_word' id='word_1_376' title='bbox 644 4395 692 4447; x_wconf 84' lang='lat' dir='ltr'>od.</span> <span class='ocrx_word' id='word_1_377' title='bbox 710 4401 721 4456; x_wconf 85' lang='grc' dir='ltr'>ΙΙ</span> <span class='ocrx_word' id='word_1_378' title='bbox 741 4397 779 4447; x_wconf 86' lang='grc'>18.</span> <span class='ocrx_word' id='word_1_379' title='bbox 796 4392 853 4457; x_wconf 82' lang='grc' dir='ltr'>ίσμί</span> <span class='ocrx_word' id='word_1_380' title='bbox 863 4395 965 4460; x_wconf 69' lang='lat' dir='ltr'>scripsi:</span> <span class='ocrx_word' id='word_1_381' title='bbox 977 4392 1025 4457; x_wconf 78' lang='grc' dir='ltr'>είμί</span> <span class='ocrx_word' id='word_1_382' title='bbox 1042 4399 1053 4455; x_wconf 80' lang='grc' dir='ltr'>ΙΙ</span> <span class='ocrx_word' id='word_1_383' title='bbox 1072 4407 1111 4444; x_wconf 76' lang='grc' dir='ltr'>το.</span> <span class='ocrx_word' id='word_1_384' title='bbox 1122 4399 1180 4460; x_wconf 69' lang='grc' dir='ltr'>ρους</span> <span class='ocrx_word' id='word_1_385' title='bbox 1197 4395 1245 4456; x_wconf 80' lang='grc' dir='ltr'>είμ</span> <span class='ocrx_word' id='word_1_386' title='bbox 1257 4395 1335 4461; x_wconf 71' lang='lat' dir='ltr'>obrip-</span> 
     </span>
     <span class='ocr_line' id='line_1_41' title="bbox 186 4460 1335 4526; baseline -0.002 -13"><span class='ocrx_word' id='word_1_387' title='bbox 186 4461 333 4524; x_wconf 66' lang='grc' dir='ltr'>διανοήσεις</span> <span class='ocrx_word' id='word_1_388' title='bbox 352 4469 363 4524; x_wconf 73' lang='grc'>1)</span> <span class='ocrx_word' id='word_1_389' title='bbox 384 4460 424 4513; x_wconf 76' lang='lat'>2⁶.</span> <span class='ocrx_word' id='word_1_390' title='bbox 441 4463 551 4512; x_wconf 64' lang='lat' dir='ltr'>evonids</span> <span class='ocrx_word' id='word_1_391' title='bbox 565 4463 593 4511; x_wconf 77' lang='lat' dir='ltr'>in</span> <span class='ocrx_word' id='word_1_392' title='bbox 603 4461 651 4512; x_wconf 84' lang='lat' dir='ltr'>hoo</span> <span class='ocrx_word' id='word_1_393' title='bbox 662 4461 757 4512; x_wconf 70' lang='lat' dir='ltr'><strong>scholio</strong></span> <span class='ocrx_word' id='word_1_394' title='bbox 771 4461 866 4513; x_wconf 67' lang='lat' dir='ltr'><strong>multu:</strong></span> <span class='ocrx_word' id='word_1_395' title='bbox 882 4477 912 4510; x_wconf 84' lang='grc' dir='ltr'>ια</span> <span class='ocrx_word' id='word_1_396' title='bbox 928 4461 1057 4525; x_wconf 66' lang='lat' dir='ltr'>planant·</span> <span class='ocrx_word' id='word_1_397' title='bbox 1073 4460 1127 4511; x_wconf 74' lang='lat' dir='ltr'>fere</span> <span class='ocrx_word' id='word_1_398' title='bbox 1140 4477 1172 4511; x_wconf 77' lang='lat' dir='ltr'>ex</span> <span class='ocrx_word' id='word_1_399' title='bbox 1185 4460 1209 4510; x_wconf 76' lang='lat'>1.</span> <span class='ocrx_word' id='word_1_400' title='bbox 1224 4465 1335 4526; x_wconf 69' lang='lat' dir='ltr'>sumpto,</span> 
     </span>
     <span class='ocr_line' id='line_1_42' title="bbox 185 4525 1334 4594; baseline 0 -16"><span class='ocrx_word' id='word_1_401' title='bbox 185 4529 247 4594; x_wconf 66' lang='lat' dir='ltr'>quis</span> <span class='ocrx_word' id='word_1_402' title='bbox 262 4533 332 4579; x_wconf 77' lang='grc' dir='ltr'>οετίι</span> <span class='ocrx_word' id='word_1_403' title='bbox 348 4543 433 4578; x_wconf 65' lang='lat' dir='ltr'><strong><em>noram</em></strong></span> <span class='ocrx_word' id='word_1_404' title='bbox 448 4527 534 4578; x_wconf 81' lang='lat' dir='ltr'>oodioe</span> <span class='ocrx_word' id='word_1_405' title='bbox 549 4527 711 4590; x_wconf 70' lang='lat' dir='ltr'>videbantur,</span> <span class='ocrx_word' id='word_1_406' title='bbox 727 4526 839 4591; x_wconf 64' lang='lat' dir='ltr'>indicare</span> <span class='ocrx_word' id='word_1_407' title='bbox 855 4526 897 4578; x_wconf 81' lang='grc' dir='ltr'>αοί</span> <span class='ocrx_word' id='word_1_408' title='bbox 944 4531 955 4587; x_wconf 74' lang='grc' dir='ltr'>δ</span> <span class='ocrx_word' id='word_1_409' title='bbox 975 4539 1015 4590; x_wconf 79' lang='lat'>31.</span> <span class='ocrx_word' id='word_1_410' title='bbox 1032 4525 1085 4576; x_wconf 74' lang='grc' dir='ltr'>οἵαν</span> <span class='ocrx_word' id='word_1_411' title='bbox 1095 4527 1202 4578; x_wconf 71' lang='lat' dir='ltr'>cornuti</span> <span class='ocrx_word' id='word_1_412' title='bbox 1218 4527 1334 4578; x_wconf 73' lang='lat' dir='ltr'><strong>codicum</strong></span> 
     </span>
     <span class='ocr_line' id='line_1_43' title="bbox 187 4591 655 4660; baseline -0.002 -17"><span class='ocrx_word' id='word_1_413' title='bbox 187 4610 246 4660; x_wconf 75' lang='lat' dir='ltr'>pm</span> <span class='ocrx_word' id='word_1_414' title='bbox 263 4599 273 4656; x_wconf 79' lang='lat' dir='ltr'>ss</span> <span class='ocrx_word' id='word_1_415' title='bbox 291 4591 429 4657; x_wconf 82' lang='grc' dir='ltr'>γινομένων</span> <span class='ocrx_word' id='word_1_416' title='bbox 440 4595 517 4644; x_wconf 61' lang='lat' dir='ltr'><strong>etiam</strong></span> <span class='ocrx_word' id='word_1_417' title='bbox 528 4593 655 4644; x_wconf 66' lang='lat' dir='ltr'><strong>Col-nutu·</strong></span> 
     </span>
    </p>
   </div>
   <div class='ocr_carea' id='block_1_4' title="bbox 0 0 1545 5040">
    <p class='ocr_par' dir='ltr' id='par_1_16' title="bbox 0 0 1545 5040">
     <span class='ocr_line' id='line_1_44' title="bbox 0 0 1545 5040; baseline 0 0"><span class='ocrx_word' id='word_1_418' title='bbox 0 0 1545 5040; x_wconf 95' lang='lat' dir='ltr'> </span> 
     </span>
    </p>
   </div>
  </div>
 </body>
</html>
