3000 5040
519 277 691 339 ιλικοον
714 280 752 337 Δ.
775 273 841 360 (4)
1190 273 1254 337 ιον

152 456 225 523 250.
248 437 427 531 κοιρανέων]
444 441 619 508 διατάσσων
637 464 695 508 τεο.

151 560 223 624 251.
247 546 379 625 οὐλομδς
405 544 489 625 τάξις
512 553 715 626 συνεστηκυῖα
737 550 770 611 ἐκ
792 544 824 628 μ’
847 548 972 631 ἀνδρῶν.
1014 544 1053 627 ἦν
1074 547 1107 612 δέ
1131 543 1259 630 φάλαγξ

107 646 191 727 τάξις
208 649 268 713 άπὸ
282 648 328 730 ρκ’
343 651 459 730 ἀνδρῶν
474 649 541 719 Α]-

152 766 224 835 253.
249 748 380 839 εἴκελος]
405 758 575 834 διφορεῖται
591 760 626 817 τδ
641 754 769 829 ἁπλοῦν,
786 754 821 817 τδ
844 756 877 818 δέ
900 754 1046 819 σύνθετον
1069 751 1117 819 &d
1140 757 1190 819 διδ
1212 759 1257 818 δι-

109 857 247 937 φθόγγου
1270 869 1289 928 5

152 960 224 1039 258·
248 955 340 1047 ἔοις]
357 957 375 1039 ἢ
391 962 426 1044 τῇ
443 960 549 1045 ἐνέδρα

153 1075 224 1142 259.
247 1059 422 1150 γερούσιον]
440 1066 515 1126 κατὰ
530 1064 619 1144 τιμήν
635 1064 793 1144 διδόμενον

153 1165 225 1230 262.
248 1161 370 1252 πλεῖον]
386 1167 498 1247 πλῆρες
630 1168 703 1247 264
726 1163 834 1256 πάρος]
854 1169 1001 1251 πρότερον

152 1269 224 1334 266.
249 1269 380 1351 ἐρίηρος]
397 1269 557 1350 εὐάρεστος

153 1371 225 1451 276.
251 1368 418 1461 Ζεφύροιο]
434 1371 453 1451 ἦ
472 1373 533 1437 άπὸ
549 1378 602 1436 τοῦ
618 1374 714 1456 ζόφου
728 1376 778 1439 καὶ
792 1375 844 1452 τῆς
859 1374 974 1440 δύσεως
990 1373 1089 1439 πνέων
1104 1373 1171 1445 A÷
1274 1387 1313 1428 10

153 1490 225 1558 279.
249 1472 358 1562 σπέος]
376 1475 532 1554 σπήλαιον

153 1596 225 1662 290.
248 1581 289 1662 τῷ
306 1604 339 1643 κε
354 1577 421 1662 τάχ’
438 1574 578 1667 ἠμύσειε]
595 1581 688 1646 οὕτως
704 1578 742 1643 δν
756 1578 872 1662 ταχέως
887 1582 1052 1661 πορθηθείη
1069 1600 1130 1642 ree.

154 1699 226 1764 294.
250 1676 436 1769 στέλλοντα]
454 1681 650 1763 έτοιμάζοντα

154 1798 226 1869 295.
250 1781 491 1873 Πελάγοντα-]
520 1786 603 1849 ούτοι
629 1784 786 1868 ταξίαρχοι
812 1786 960 1869 ύπῆρχον.
1005 1785 1156 1867 βασιλεὺς
1181 1785 1257 1870 (δέ)

109 1890 176 1953 ἐστι
191 1886 314 1955 πάντων
328 1894 388 1952 τῶν
404 1891 529 1953 Πυλίων
544 1890 561 1952 ό
578 1888 705 1971 Νέστωρ
720 1889 789 1951 A:
1277 1901 1312 1962 15

153 2011 227 2077 303.
253 1988 419 2079 ἱπποσύνῃ]
435 1995 471 2078 τῇ
489 1993 595 2079 ἱππικῇ
612 1994 751 2077 ἐμπειρίᾳ

153 2108 226 2181 305.
250 2092 505 2183 ἀλαπαδνότεροι]
522 2095 738 2178 ἀσθενέστεροι

154 2199 226 2283 306.
250 2199 283 2265 δς
298 2199 332 2263 δέ
347 2199 372 2262 κ’
389 2194 483 2287 δνήρ]
502 2199 531 2263 οἱ
553 2201 609 2278 μὲν
631 2199 719 2262 τοῦτό
737 2206 818 2280 φασι
833 2201 1060 2282 παραγγέλλειν
1082 2199 1183 2279 αύτόν,
1198 2203 1259 2280 ίνα,

109 2301 144 2370 δς
158 2302 196 2367 ἂν
211 2304 359 2383 πολεμίου
377 2302 508 2383 ἅρματος
530 2301 681 2384 κρατήσας
697 2303 805 2388 ἐπιβῇ,
818 2302 952 2385 μάχηται
968 2304 1017 2367 καὶ
1032 2305 1073 2385 μή
1086 2302 1261 2383 ἐξελαύνειν

110 2405 274 2492 σπουδόζῃ·
297 2405 326 2469 οδ
342 2406 375 2469 δέ
385 2407 489 2471 ούτως·
512 2407 598 2472 ὅστις
613 2405 638 2469 δ’
653 2405 691 2470 ἄν
706 2412 804 2486 φησιν
816 2406 957 2494 ἀποπέσῃ
969 2413 1023 2471 τοῦ
1038 2410 1115 2473 ίδίου
1130 2408 1260 2490 άρματος
1275 2428 1313 2468 20

109 2511 160 2574 καὶ
175 2511 225 2573 ἐπὶ
240 2514 293 2573 τοῦ
308 2510 444 2587 πλησίον
467 2508 680 2591 παραγένηται,
694 2510 735 2588 μή
758 2507 918 2592 ήυιοχείτω
941 2510 991 2575 διὰ
1014 2511 1048 2575 τδ
1069 2510 1147 2576 εἶναι
1170 2511 1261 2576 αύτδν

109 2614 144 2678 ἐν
166 2615 273 2698 δγνοίιρ
295 2618 347 2676 τοῦ
369 2613 459 2691 ἤθους
483 2618 543 2675 τῶν
563 2614 674 2690 ἵππων,
690 2613 793 2693 δόρατι
815 2615 848 2677 δέ
870 2617 992 2694 μᾶλλον
1013 2612 1177 2695 άμυνάσθω
1193 2613 1262 2681 τοὺς

110 2719 274 2797 πολεμίους
288 2714 358 2778 A:

155 2839 228 2905 314.
250 2815 323 2907 βίη]
340 2820 432 2885 οὕτως
447 2819 571 2898 δύναμις
701 2838 775 2906 321.
798 2816 847 2907 ἐα]
864 2821 931 2885 ἀντὶ
943 2825 996 2884 τοῦ
1011 2819 1049 2900 ἦν

155 2936 229 3007 327.
252 2922 270 3001 ή
288 2923 389 2986 εύθεῖα
403 2924 419 2985 ό
435 2923 550 2990 Πετεός
570 2926 623 2986 τού
647 2928 773 3000 Πετεοῦ,
788 2923 828 2990 ὣς
843 2924 926 2990 ἐυεός
941 2925 1038 2997 ἐνεοῢ,
1055 2922 1104 2988 καὶ
1117 2923 1263 2991 Ἀττικῶς
1278 2946 1315 3006 25

111 3025 174 3090 κατ’
185 3025 349 3090 ἐπέκτασιν
358 3031 410 3089 τοῦ
424 3031 442 3088 ὀ
458 3026 536 3093 etsi>
551 3025 660 3109 γέγονε
672 3028 803 3094 Πετεός·
824 3026 864 3094 ὦς
875 3029 936 3091 άπδ
952 3031 1005 3090 τοῦ
1021 3026 1181 3094 Μενέλαος
1196 3030 1263 3092 Με-

111 3128 222 3197 νελάου
245 3129 408 3196 Μενέλεως
429 3133 547 3211 γίνεται
570 3131 645 3194 κατδ
666 3128 822 3196 Ἀττικοὺς
846 3132 895 3194 καὶ
918 3129 980 3194 άπδ
1002 3135 1055 3193 τοῦ
1076 3131 1153 3197 λαός
1175 3130 1264 3204 λειός,

111 3234 189 3296 ούτω
205 3230 255 3296 καὶ
272 3232 332 3296 άπδ
346 3237 400 3296 τοῦ
414 3234 530 3300 Πετεός
553 3233 683 3309 Πετεός,
699 3232 765 3297 εἶτα
779 3231 798 3311 ἡ
814 3233 918 3316 γενικὴ
934 3237 988 3297 τοῦ
1003 3238 1109 3298 Πετεῶ
1124 3231 1174 3297 καὶ
1189 3235 1265 3297 κατδ

112 3336 308 3417 πλεονασμὸν
322 3342 375 3400 τοῦ
390 3336 407 3400 ὀ
422 3336 531 3418 γέγονε
545 3340 562 3369 “
573 3341 696 3400 Πετεῶο
707 3332 725 3361 ”
739 3335 808 3397 A-

155 3440 231 3525 328.
253 3438 410 3522 μήστωρες
426 3435 530 3526 δυτῆς]
547 3437 704 3519 δυνάμενοι
720 3441 796 3503 κατὰ
812 3437 916 3522 μάχην
929 3439 1162 3519 βουλεύσασθαι
1177 3439 1245 3510 A÷
1279 3471 1319 3528 30

156 3562 230 3628 334.
254 3539 380 3630 πύργος]
398 3541 482 3622 τάξις
496 3542 565 3604 A:
702 3554 775 3628 335.
796 3538 924 3630 Τράων]
942 3540 1018 3605 κατά

156 3665 230 3731 343.
253 3641 473 3734 ἀκουάζεσθον]
490 3650 636 3711 καλεῖσθε
651 3666 710 3709 ree.

155 3751 230 3835 346.
254 3748 323 3831 ὄφρ’
340 3749 501 3832 ἐθέλητον]
517 3749 573 3815 έως
589 3749 624 3813 ού
639 3748 748 3829 θέλητε
763 3769 825 3813 rec.

156 3867 230 3939 347.
254 3849 379 3940 ὁρόῳτε]
396 3854 490 3938 όρφτε
620 3854 694 3939 363.
717 3847 908 3940 μεταμάλια]
923 3850 1039 3932 μάταια

157 3969 231 4043 372.
253 3951 481 4044 πτωσκαζέμεν]
499 3955 735 4036 καταπτήσσειν,
751 3959 870 4021 δειλιῖιν
1280 3983 1319 4046 35

157 4063 231 4146 376.
256 4059 348 4144 (άπερ
363 4059 537 4143 πολέμου>]
559 4059 684 4142 πέμψας
704 4062 763 4143 γὰρ
786 4061 829 4126 είς
853 4057 997 4139 Μυκήνας
1013 4061 1188 4142 συμμαχίαν
1200 4058 1268 4146 ᾔτει

112 4165 164 4230 ἐπὶ
186 4167 356 4243 Θηβαίους.
393 4162 533 4243 Θυέστης
554 4166 611 4243 μὲν
632 4163 686 4229 οὖν
708 4165 834 4242 ἑτοίμως
855 4163 964 4239 ἐδίδου,
987 4167 1097 4243 σημεῖα
1121 4162 1156 4227 a&
1177 4163 1268 4227 αύτδν

114 4269 251 4334 ἐκάλυσε
265 4273 379 4349 φαῦλα·
401 4266 584 4334 ἐπελθόντες
598 4265 651 4331 οὖν
666 4267 709 4334 εἶς
723 4269 778 4333 τδς
795 4264 908 4345 Θήβας
923 4267 953 4330 οἶ
965 4264 1100 4350 Ἀργεῖοι
1114 4266 1268 4345 πέμπουσι

112 4371 308 4454 πρεσβευτὴν
325 4369 432 4448 Τυδέα,
448 4368 481 4436 δς
500 4371 548 4434 καὶ
570 4369 755 4450 καταλαβὼν
766 4374 912 4452 γυμνικὸν
926 4369 1028 4452 άγόυα
1050 4369 1269 4453 συμμαχούσης

148 4496 397 4560 ν.συνεστηινΐαῐ)ι
413 4496 576 4546 σνντεταιινΐα
593 4501 605 4557 Ι
623 4494 648 4546 6.
664 4493 960 4560 mmmmm
980 4509 1019 4562 14.
1033 4496 1148 4562 supplevi
1165 4512 1197 4547 ox
1214 4496 1267 4557 D!

114 4560 1269 4682 ἈθμοχξιιιιὶιιτωΙ38.ιίττδτθήθικ1)ιδντκΐτθήβαιτιιιΔΙ39καδροκιδγ.αι
