3000 5040
260 269 326 333 σοι
679 270 851 334 ιλιιλος
874 271 906 333 r.
929 265 995 355 (ι)

259 441 293 504 δί
316 441 525 523 προκόσμημα·
548 442 684 524 γίνονται
703 444 761 524 γὰρ
777 441 828 505 ἐπὶ
847 445 907 506 τῶν
922 439 1171 521 περικεφαλαίαν
1185 436 1331 519 λαμπροί
1343 460 1421 503 τινες

259 542 331 623 ήλοι
349 541 437 609 ἕνεκα
457 543 717 627 προκοσμήματος.
747 547 765 577 “
777 541 906 625 φόλον”
923 545 956 608 δέ
976 547 1012 607 τὸ
1026 542 1176 623 λαμπρόν·
1200 543 1349 607 ἐντεῦθεν
1362 547 1421 620 φα·

258 650 371 727 λοκρός
389 650 405 711 ό
421 649 501 730 ἔχων
517 648 634 729 φαλιδν
648 647 683 712 τδ
698 646 775 730 κάρα
790 645 858 710 A:

304 751 377 835 365.
400 749 584 840 ὀλοώτερος]
603 751 672 830 ἐμοί

227 873 245 934 5
303 852 378 939 368.
401 850 508 941 ήίχθη]
525 852 683 933 διέδραμεν
813 853 945 936 ἔβαλον]
961 850 1123 920 άπέκτεινα

305 970 380 1041 371.
403 954 470 1045 μίν]
488 956 541 1021 τὸν
557 953 759 1038 Ἀλέξανδρον
890 968 964 1041 372.
988 953 1092 1044 θχεύς]
1110 956 1284 1036 σύνδεσμος

304 1061 377 1145 376.
402 1057 499 1148 κεινή]
518 1060 588 1140 κενή
605 1057 709 1127 Ἰακιῦς
840 1054 967 1146 παχείη]
984 1061 1019 1146 τῇ
1037 1061 1149 1144 ἰσχυρᾷ

305 1164 378 1250 384.
400 1160 519 1250 Γριραί]
532 1165 665 1246 Τρωικαὶ
680 1166 820 1245 γυναῖκες
949 1162 1023 1246 385.
1047 1158 1221 1249 νεκταρέου]
1241 1163 1330 1226 θείου

402 1262 505 1355 ἑανοῦ]
522 1270 639 1342 λευκοῦ,
656 1266 738 1348 παρὰ
752 1265 786 1328 τδ
801 1263 944 1329 ἕννυσθαι
960 1266 978 1327 ό
993 1267 1080 1331 ἐστιν
1095 1266 1254 1330 ἐνδύεσθαι

211 1399 247 1440 ιο
305 1371 379 1454 387.
404 1366 566 1457 εἰροπόκιρ]
584 1368 735 1451 γράφεται
750 1376 767 1404 “
780 1369 926 1453 εἰροκόμῳ
935 1366 953 1391 ”

305 1473 379 1558 388.
401 1469 524 1560 ἤσκειν]
536 1472 689 1555 εἰργάζετο
768 1478 803 1534 τδ
811 1474 893 1553 ῥῆμα
904 1472 988 1534 ἀσκῶ
1000 1472 1142 1551 σημαίνει
1156 1471 1191 1536 τδ
1205 1471 1285 1551 μετὰ
1298 1474 1424 1534 πολλοῦ

261 1578 355 1642 πόνου
380 1577 428 1640 καὶ
455 1577 550 1640 κόπου
573 1575 762 1658 ἐργάζεσθαι.
796 1576 997 1656 παρατατικδς
1020 1574 1133 1653 ήσκεον
1154 1573 1271 1654 ἤσκουν
1296 1573 1424 1653 ήσκεεν·

262 1678 311 1744 καί
339 1685 374 1743 τό
403 1683 421 1745 ir
451 1677 672 1760 ἐφελκυστικδυ
698 1679 812 1761 γίνεται
842 1681 876 1743 ἐν
901 1681 943 1763 τηῖ
970 1680 1060 1762 τρίτῳ
1091 1679 1255 1763 προσόπιρ,
1288 1678 1422 1742 ἔτυπτεν

262 1784 378 1864 ἔλεγεν,
395 1785 488 1849 οὕτως
503 1783 614 1861 ήσκεεν
630 1783 679 1845 καὶ
696 1785 771 1845 κατὰ
786 1781 964 1861 συναίρεσιν
979 1786 996 1813 “
1006 1780 1140 1860 ήσκειν”

211 1911 248 1970 15
306 1904 378 1971 399.
402 1881 554 1972 δαιμονίη]
570 1886 703 1967 μακαρία
832 1902 907 1962 400.
932 1880 1081 1972 προτέρω]
1099 1883 1277 1967 πορρωτέρω

305 2008 379 2068 401.
402 1986 556 2075 Μῃονίης]
573 1990 693 2054 Λυδίας·
718 1989 853 2054 Μαίονες
867 1990 926 2069 γδρ
942 1990 1105 2051 ἐκαλοῦντο
1121 1991 1150 2052 οί
1166 1989 1261 2051 Λυδοί
1275 1988 1308 2049 Α
1318 2002 1345 2056 ÷

305 2094 380 2170 406.
403 2087 548 2178 άπόειπε]
564 2090 739 2171 α’πάρνησαι
870 2090 1044 2174 κελεύθους]
1060 2091 1113 2156 τὰς
1127 2091 1203 2171 μετὰ
1220 2095 1299 2157 θεεῖν

306 2197 380 2274 408.
404 2191 500 2283 θίζυε]
518 2194 683 2261 κακοπάθει
812 2206 888 2274 415.
909 2193 1086 2278 άπεχθήρω]
1100 2192 1223 2273 μισήσιο

306 2320 380 2382 419.
405 2293 633 2386 κατασχομένη]
651 2294 924 2379 κατακαλυψαμένη
1012 2293 1135 2384 α’ργῆτι]
1153 2297 1282 2382 λαμπρῷ
1298 2300 1399 2382 λευκῷ

211 2435 249 2476 20
305 2421 381 2481 420.
407 2398 495 2489 ήρχε]
512 2407 674 2483 προηγεῖτο
761 2415 835 2482 427.
854 2396 1003 2487 ἠνίπαπε]
1021 2402 1250 2484 ἐκακολόγησευ
1265 2421 1328 2466 ree.

306 2506 381 2592 438.
407 2500 524 2593 ἔνιπτε]
542 2506 709 2583 ἐπίπληττε

307 2626 382 2690 447.
405 2610 482 2692 όρχε
496 2607 631 2691 λέχοσδε
648 2602 715 2694 ἰόν]
731 2612 894 2690 προηγεῖτο
909 2612 962 2688 τῆς
977 2607 1028 2672 έπί
1045 2607 1147 2687 κοίτην
1162 2611 1233 2671 ὁδοῦ

307 2725 382 2794 457.
406 2710 539 2794 φαίνετ’]
555 2711 748 2794 ὡμολόγηται
878 2724 952 2792 459·
976 2706 1080 2798 τιμήν]
1097 2710 1266 2792 πρόστιμον

822 2935 860 2994 Δ.

214 3088 251 3150 25
309 3080 339 3149 5.
363 3066 500 3147 ἐζήτηται
522 3064 559 3130 δι’
576 3063 614 3144 ἣν
630 3066 729 3130 αἰτίαν
745 3065 780 3129 οῦ
794 3065 923 3146 πάρεστι
947 3064 1130 3146 Γανυμήδης,
1146 3065 1188 3130 δν
1203 3065 1344 3149 οἰνοχόος
1364 3070 1419 3128 τοῦ

267 3172 351 3238 Διός.
378 3172 454 3236 ένιοι
469 3171 525 3250 μὲν
540 3168 594 3233 οῦν
605 3176 712 3250 φασιν,
724 3170 770 3232 ότι
784 3169 858 3235 Διὸς
868 3170 962 3248 μόνου
974 3168 1017 3232 δν
1028 3169 1166 3236 διάκονος
1178 3170 1230 3233 οῦκ
1243 3168 1316 3249 ἐξῆν
1329 3168 1420 3233 αῦτδν

267 3279 371 3340 κοινῶς
387 3278 482 3337 πᾶσιν
498 3275 664 3356 οἰνοχοεῖν·
695 3272 714 3351 ή
739 3275 771 3336 δὲ
782 3270 870 3351 Ἥβη
889 3273 1032 3353 εῦλόγιος,
1043 3275 1090 3336 ὅτι
1106 3273 1192 3351 κοινή
1209 3273 1305 3338 πᾶσίν
1321 3274 1418 3337 ἐστιν.

266 3378 342 3442 ένιοι
353 3375 387 3440 δέ
397 3384 504 3456 φασιν,
515 3378 562 3440 ότι
575 3374 716 3456 σκέψεως
728 3376 795 3455 περί
807 3379 860 3454 τῆς
872 3374 967 3439 Ἰλίου
978 3374 1154 3457 πορθήσεως
1163 3375 1325 3459 γινομένης
1338 3375 1418 3440 εῦοι-

267 3478 437 3559 κονομήτως
453 3479 564 3543 ἄπεστι
587 3483 639 3542 τοῦ
662 3479 828 3556 συνεδρίου,
851 3480 902 3542 ίνα
923 3480 1016 3555 μηδὲν
1039 3480 1175 3544 ἐναντίου
1195 3478 1332 3561 γένηται,
1346 3478 1417 3562 <εἰ>

213 3608 252 3664 30
266 3585 316 3647 διδ
332 3582 387 3663 τήν
402 3588 476 3663 πρὸς
490 3581 581 3647 αὐτὸν
595 3580 686 3665 χάριν
699 3580 793 3661 μόνον
808 3580 924 3658 δόξειεν
940 3582 1123 3658 οἰκτίζεσθαι
1137 3581 1207 3643 Α-

397 3685 493 3750 διὰτί
507 3690 539 3751 δέ
554 3686 636 3771 μόυιρ
648 3685 689 3768 τηῖ
707 3684 759 3747 Διί
775 3683 948 3763 Γανυμήδης
970 3686 1134 3767 ὑπηρετεῖς
1163 3685 1214 3746 καί
1236 3690 1345 3765 φαμεν,
1373 3685 1421 3748 ότι

267 3790 383 3854 ίίπασιν
390 3788 479 3871 Ἥβη
496 3793 636 3866 διακονεῖ,
649 3788 715 3851 ἐπεὶ
731 3792 765 3850 τό
778 3790 861 3850 θεῖον
876 3785 922 3851 άεί
935 3786 1033 3865 νεάζει
1050 3813 1083 3852 τε
1100 3788 1148 3851 καὶ
1164 3786 1242 3871 ἡβᾷ·
1257 3791 1346 3850 τοῦτο
1361 3789 1421 3869 γάρ

266 3894 413 3973 βούλεται
429 3892 564 3970 αῦτοῖςή
584 3917 617 3956 τε
639 3892 794 3973 άμβροσία
819 3891 994 3973 <άβροσία>
1020 3915 1066 3957 τις
1084 3890 1162 3953 οῦσα
1184 3891 1234 3954 καὶ
1256 3890 1291 3953 τὸ
1314 3888 1422 3971 νέκταρ

267 4000 349 4078 παρὰ
364 4002 397 4059 τδ
413 3993 530 4073 νεάζειν
544 3992 752 4077 γεγενημένον·
776 3992 951 4073 Γανυμήδης
973 3998 1005 4058 δὲ
1027 3996 1170 4074 ῦπηρετεῖ
1191 3994 1272 4079 μόνῳ
1295 3995 1337 4079 τῷ
1359 3994 1422 4072 Διί,

214 4120 253 4181 35
268 4102 315 4164 ὅτι
331 4101 418 4178 ὁμὲν
438 4098 514 4168 Ζεὺς
535 4099 551 4160 ό
574 4097 690 4179 πρῶτός
712 4098 781 4161 ἐστι
805 4101 881 4172 νοῦς,
896 4099 989 4176 μόνος
1012 4099 1045 4161 δὲ
1068 4102 1137 4163 νοῦς
1160 4099 1273 4162 οἰκεῖον
1295 4097 1363 4180 ἔχει
1386 4097 1422 4161 τὸ

268 4208 331 4269 τοῖς
344 4201 456 4283 μήδεσι
470 4199 630 4284 γάνυσθαι·
662 4203 750 4263 τοῦτο
764 4198 823 4282 γάρ
839 4201 856 4263 ό
871 4197 1045 4280 Γανυμήδης
1059 4200 1129 4262 A:

302 4344 324 4392 3.
336 4326 417 4392 φαλδν
426 4329 458 4390 Α,
467 4326 570 4390 φάλειον
582 4332 592 4387 [1
605 4344 628 4393 4.
638 4325 781 4441 διατρνρθέν
793 4327 825 4377 ιθ
834 4325 978 4389 διατρυφθέν
987 4327 1045 4391 (εἰς)
1055 4325 1102 4389 363
1111 4324 1266 4390 adscriptum
1278 4327 1369 4386 omisiss
1383 4326 1421 4378 16.

269 4394 376 4506 Ὗ]
391 4393 575 4510 Πλάτᾚ
587 4395 628 4521 Ῑίί
640 4392 814 4520 δ’]δίίνωά]
823 4391 1420 4520 μδῦῦίαόωάίίςιιιίιίέἑιίναίίνᾚίέἰίἰῃῦή]

269 4473 311 4574 ῖίε
323 4474 411 4588 δέήήτ]
424 4524 462 4574 ότι
474 4475 616 4577 δαιίιίσῖάιι
627 4473 689 4577 ῦίκτ.
700 4541 706 4576 ι
720 4541 743 4574 τι
755 4525 780 4574 D
792 4495 854 4585 533.
867 4476 982 4588 ταρρίίίί
993 4539 1024 4573 ex
1035 4523 1118 4573 AB‘D
1132 4526 1142 4581 ΙΙ
1160 4474 1395 4587 34]]Ργεγεννημίνον
1406 4476 1422 4586 ]]

270 4589 309 4650 ³⁶·
322 4587 453 4653 τίνυσθαι
