<?xml version="1.0" encoding="UTF-8"?>
<!DOCTYPE html PUBLIC "-//W3C//DTD XHTML 1.0 Transitional//EN"
    "http://www.w3.org/TR/xhtml1/DTD/xhtml1-transitional.dtd">
<html xmlns="http://www.w3.org/1999/xhtml" xml:lang="en" lang="en">
 <head>
  <title>
</title>
<meta http-equiv="Content-Type" content="text/html;charset=utf-8" />
  <meta name='ocr-system' content='tesseract 3.04.00' />
  <meta name='ocr-capabilities' content='ocr_page ocr_carea ocr_par ocr_line ocrx_word'/>
</head>
<body>
  <div class='ocr_page' id='page_1' title='image "./scholiagraecain00dindgoog_0554.png"; bbox 0 0 3000 5040; ppageno 0'>
   <div class='ocr_carea' id='block_1_1' title="bbox 556 271 899 362">
    <p class='ocr_par' dir='ltr' id='par_1_1' title="bbox 556 271 899 362">
     <span class='ocr_line' id='line_1_1' title="bbox 556 271 899 362; baseline 0 -24"><span class='ocrx_word' id='word_1_1' title='bbox 556 278 727 339; x_wconf 78' lang='grc' dir='ltr'>ιιιιιοος</span> <span class='ocrx_word' id='word_1_2' title='bbox 752 274 787 339; x_wconf 77' lang='grc' dir='ltr'>ε.</span> <span class='ocrx_word' id='word_1_3' title='bbox 809 271 899 362; x_wconf 77' lang='grc' dir='ltr'><strong>(1ο)</strong></span> 
     </span>
    </p>
   </div>
   <div class='ocr_carea' id='block_1_2' title="bbox 105 440 1370 4502">
    <p class='ocr_par' dir='ltr' id='par_1_2' title="bbox 199 440 828 532">
     <span class='ocr_line' id='line_1_2' title="bbox 199 440 828 532; baseline -0.002 -24"><span class='ocrx_word' id='word_1_4' title='bbox 199 461 269 527; x_wconf 97' lang='grc'><strong>172.</strong></span> <span class='ocrx_word' id='word_1_5' title='bbox 291 440 402 532; x_wconf 79' lang='grc' dir='ltr'>ἐδανῷ]</span> <span class='ocrx_word' id='word_1_6' title='bbox 419 446 556 532; x_wconf 79' lang='grc' dir='ltr'>συστολῇ</span> <span class='ocrx_word' id='word_1_7' title='bbox 572 448 657 523; x_wconf 81' lang='grc' dir='ltr'>τοΰη</span> <span class='ocrx_word' id='word_1_8' title='bbox 675 446 718 513; x_wconf 84' lang='grc' dir='ltr'>είς</span> <span class='ocrx_word' id='word_1_9' title='bbox 733 444 828 514; x_wconf 67' lang='lat' dir='ltr'>÷A÷</span> 
     </span>
    </p>

    <p class='ocr_par' dir='ltr' id='par_1_3' title="bbox 198 545 648 637">
     <span class='ocr_line' id='line_1_3' title="bbox 198 545 648 637; baseline 0.007 -25"><span class='ocrx_word' id='word_1_10' title='bbox 198 550 269 630; x_wconf 88' lang='lat'>176.</span> <span class='ocrx_word' id='word_1_11' title='bbox 292 545 460 637; x_wconf 83' lang='grc' dir='ltr'>πεξαμένη]</span> <span class='ocrx_word' id='word_1_12' title='bbox 479 551 648 615; x_wconf 89' lang='grc' dir='ltr'>κτενίσασα</span> 
     </span>
    </p>

    <p class='ocr_par' dir='ltr' id='par_1_4' title="bbox 199 649 948 741">
     <span class='ocr_line' id='line_1_4' title="bbox 199 649 948 741; baseline 0.007 -26"><span class='ocrx_word' id='word_1_13' title='bbox 199 653 269 716; x_wconf 89' lang='lat'>180.</span> <span class='ocrx_word' id='word_1_14' title='bbox 293 649 428 741; x_wconf 75' lang='grc' dir='ltr'>ἐνετῇσι]</span> <span class='ocrx_word' id='word_1_15' title='bbox 447 653 507 718; x_wconf 88' lang='grc' dir='ltr'>άπδ</span> <span class='ocrx_word' id='word_1_16' title='bbox 522 658 574 717; x_wconf 84' lang='grc' dir='ltr'>τοῦ</span> <span class='ocrx_word' id='word_1_17' title='bbox 589 653 725 719; x_wconf 87' lang='grc' dir='ltr'>ἐνίεσθαι</span> <span class='ocrx_word' id='word_1_18' title='bbox 740 656 803 719; x_wconf 83' lang='grc' dir='ltr'>τοῖς</span> <span class='ocrx_word' id='word_1_19' title='bbox 820 654 948 734; x_wconf 73' lang='grc' dir='ltr'>ἱματίοις</span> 
     </span>
    </p>

    <p class='ocr_par' dir='ltr' id='par_1_5' title="bbox 198 753 610 846">
     <span class='ocr_line' id='line_1_5' title="bbox 198 753 610 846; baseline 0.012 -28"><span class='ocrx_word' id='word_1_20' title='bbox 198 756 268 819; x_wconf 88' lang='lat'>181.</span> <span class='ocrx_word' id='word_1_21' title='bbox 291 753 448 846; x_wconf 76' lang='grc' dir='ltr'>θυσάνοις]</span> <span class='ocrx_word' id='word_1_22' title='bbox 466 761 610 840; x_wconf 85' lang='grc' dir='ltr'>κροσσοῖς</span> 
     </span>
    </p>

    <p class='ocr_par' dir='ltr' id='par_1_6' title="bbox 199 855 1343 1053">
     <span class='ocr_line' id='line_1_6' title="bbox 199 855 1343 948; baseline 0 -26"><span class='ocrx_word' id='word_1_23' title='bbox 199 861 269 924; x_wconf 87' lang='grc'><strong>182.</strong></span> <span class='ocrx_word' id='word_1_24' title='bbox 293 856 420 948; x_wconf 77' lang='grc' dir='ltr'>ἕρματα]</span> <span class='ocrx_word' id='word_1_25' title='bbox 436 862 545 926; x_wconf 83' lang='grc' dir='ltr'>ἐνοίτια</span> <span class='ocrx_word' id='word_1_26' title='bbox 559 859 629 923; x_wconf 78' lang='lat' dir='ltr'>A:</span> <span class='ocrx_word' id='word_1_27' title='bbox 765 855 851 947; x_wconf 83' lang='grc' dir='ltr'>ήκεν]</span> <span class='ocrx_word' id='word_1_28' title='bbox 869 857 990 937; x_wconf 88' lang='grc' dir='ltr'>ἐνέηκεν</span> <span class='ocrx_word' id='word_1_29' title='bbox 1317 876 1343 943; x_wconf 38' lang='grc'><strong>5,</strong></span> 
     </span>
     <span class='ocr_line' id='line_1_7' title="bbox 295 961 854 1053; baseline 0.005 -28"><span class='ocrx_word' id='word_1_30' title='bbox 295 961 439 1053; x_wconf 83' lang='grc' dir='ltr'>λοβοῖσι]</span> <span class='ocrx_word' id='word_1_31' title='bbox 456 968 519 1031; x_wconf 81' lang='grc' dir='ltr'>τοῖς</span> <span class='ocrx_word' id='word_1_32' title='bbox 534 966 665 1030; x_wconf 73' lang='grc' dir='ltr'>ἁπαλοῖς</span> <span class='ocrx_word' id='word_1_33' title='bbox 681 968 742 1026; x_wconf 82' lang='grc' dir='ltr'>τῶν</span> <span class='ocrx_word' id='word_1_34' title='bbox 756 961 854 1028; x_wconf 78' lang='grc' dir='ltr'>ὠτίων</span> 
     </span>
    </p>

    <p class='ocr_par' dir='ltr' id='par_1_7' title="bbox 105 1060 1147 1155">
     <span class='ocr_line' id='line_1_8' title="bbox 105 1060 1147 1155; baseline 0.003 -26"><span class='ocrx_word' id='word_1_35' title='bbox 105 1107 109 1113; x_wconf 85' lang='lat'><strong>·</strong></span> <span class='ocrx_word' id='word_1_36' title='bbox 200 1067 268 1148; x_wconf 86' lang='lat'>185.</span> <span class='ocrx_word' id='word_1_37' title='bbox 291 1063 439 1155; x_wconf 74' lang='grc' dir='ltr'>νηγατέῳ]</span> <span class='ocrx_word' id='word_1_38' title='bbox 457 1068 567 1133; x_wconf 80' lang='grc' dir='ltr'>νεωστὶ</span> <span class='ocrx_word' id='word_1_39' title='bbox 581 1065 733 1151; x_wconf 78' lang='grc' dir='ltr'>γενομένῳ</span> <span class='ocrx_word' id='word_1_40' title='bbox 873 1077 942 1149; x_wconf 94' lang='grc'><strong>195.</strong></span> <span class='ocrx_word' id='word_1_41' title='bbox 966 1060 1056 1153; x_wconf 86' lang='grc' dir='ltr'>αύδα]</span> <span class='ocrx_word' id='word_1_42' title='bbox 1073 1063 1147 1147; x_wconf 88' lang='grc' dir='ltr'>λέγε</span> 
     </span>
    </p>

    <p class='ocr_par' dir='ltr' id='par_1_8' title="bbox 152 1165 1302 1359">
     <span class='ocr_line' id='line_1_9' title="bbox 199 1165 1302 1258; baseline -0.001 -24"><span class='ocrx_word' id='word_1_43' title='bbox 199 1172 268 1255; x_wconf 89' lang='lat'>196.</span> <span class='ocrx_word' id='word_1_44' title='bbox 288 1174 314 1237; x_wconf 88' lang='grc' dir='ltr'>εί</span> <span class='ocrx_word' id='word_1_45' title='bbox 330 1173 457 1252; x_wconf 89' lang='grc' dir='ltr'>δύναμαι</span> <span class='ocrx_word' id='word_1_46' title='bbox 475 1170 589 1237; x_wconf 88' lang='grc' dir='ltr'>τελέειν</span> <span class='ocrx_word' id='word_1_47' title='bbox 604 1168 653 1235; x_wconf 81' lang='grc' dir='ltr'>καὶ</span> <span class='ocrx_word' id='word_1_48' title='bbox 674 1172 700 1236; x_wconf 82' lang='grc' dir='ltr'>εί</span> <span class='ocrx_word' id='word_1_49' title='bbox 723 1168 939 1250; x_wconf 82' lang='grc' dir='ltr'>τετελεσμένον</span> <span class='ocrx_word' id='word_1_50' title='bbox 953 1165 1053 1258; x_wconf 82' lang='grc' dir='ltr'>ἐστίν]</span> <span class='ocrx_word' id='word_1_51' title='bbox 1069 1174 1158 1235; x_wconf 81' lang='grc' dir='ltr'>τοῦτο</span> <span class='ocrx_word' id='word_1_52' title='bbox 1173 1171 1302 1251; x_wconf 77' lang='grc' dir='ltr'>ὕστερον</span> 
     </span>
     <span class='ocr_line' id='line_1_10' title="bbox 152 1276 590 1359; baseline 0.005 -21"><span class='ocrx_word' id='word_1_53' title='bbox 152 1276 297 1356; x_wconf 87' lang='grc' dir='ltr'>πρότερον</span> <span class='ocrx_word' id='word_1_54' title='bbox 313 1278 363 1340; x_wconf 85' lang='grc' dir='ltr'>καὶ</span> <span class='ocrx_word' id='word_1_55' title='bbox 377 1277 590 1359; x_wconf 87' lang='grc' dir='ltr'>πρωθύοτερον</span> 
     </span>
    </p>

    <p class='ocr_par' dir='ltr' id='par_1_9' title="bbox 197 1375 1358 1466">
     <span class='ocr_line' id='line_1_11' title="bbox 197 1375 1358 1466; baseline -0.001 -23"><span class='ocrx_word' id='word_1_56' title='bbox 197 1396 269 1443; x_wconf 91' lang='grc'><strong>202.</strong></span> <span class='ocrx_word' id='word_1_57' title='bbox 293 1378 326 1442; x_wconf 81' lang='grc' dir='ltr'>ἐὺ</span> <span class='ocrx_word' id='word_1_58' title='bbox 341 1375 468 1466; x_wconf 90' lang='grc' dir='ltr'>τρέφον]</span> <span class='ocrx_word' id='word_1_59' title='bbox 484 1376 549 1459; x_wconf 90' lang='grc' dir='ltr'>μετ’</span> <span class='ocrx_word' id='word_1_60' title='bbox 565 1378 739 1459; x_wconf 82' lang='grc' dir='ltr'>ἐπιμελείας</span> <span class='ocrx_word' id='word_1_61' title='bbox 754 1377 868 1460; x_wconf 86' lang='grc' dir='ltr'>άνῆγον</span> <span class='ocrx_word' id='word_1_62' title='bbox 1320 1402 1358 1442; x_wconf 86' lang='grc' dir='ltr'>ιο</span> 
     </span>
    </p>

    <p class='ocr_par' dir='ltr' id='par_1_10' title="bbox 197 1477 1185 1569">
     <span class='ocr_line' id='line_1_12' title="bbox 197 1477 1185 1569; baseline 0.006 -23"><span class='ocrx_word' id='word_1_63' title='bbox 197 1499 269 1566; x_wconf 90' lang='grc'><strong>203.</strong></span> <span class='ocrx_word' id='word_1_64' title='bbox 292 1477 404 1569; x_wconf 85' lang='grc' dir='ltr'>Ῥείης]</span> <span class='ocrx_word' id='word_1_65' title='bbox 422 1486 490 1563; x_wconf 84' lang='grc' dir='ltr'>περὶ</span> <span class='ocrx_word' id='word_1_66' title='bbox 505 1485 558 1561; x_wconf 87' lang='grc' dir='ltr'>τῆς</span> <span class='ocrx_word' id='word_1_67' title='bbox 1181 1499 1185 1505; x_wconf 83' lang='grc'>’</span> 
     </span>
    </p>

    <p class='ocr_par' dir='ltr' id='par_1_11' title="bbox 153 1582 1304 1874">
     <span class='ocr_line' id='line_1_13' title="bbox 199 1582 1300 1667; baseline -0.002 -17"><span class='ocrx_word' id='word_1_68' title='bbox 199 1603 270 1664; x_wconf 81' lang='grc'><strong>204</strong></span> <span class='ocrx_word' id='word_1_69' title='bbox 293 1587 360 1651; x_wconf 77' lang='grc' dir='ltr'>ἀντὶ</span> <span class='ocrx_word' id='word_1_70' title='bbox 382 1591 435 1649; x_wconf 83' lang='grc' dir='ltr'>τοῦ</span> <span class='ocrx_word' id='word_1_71' title='bbox 457 1585 652 1667; x_wconf 75' lang='grc' dir='ltr'>κατέπεμψεν</span> <span class='ocrx_word' id='word_1_72' title='bbox 674 1585 801 1666; x_wconf 79' lang='grc' dir='ltr'>θφῆκεν.</span> <span class='ocrx_word' id='word_1_73' title='bbox 832 1585 865 1649; x_wconf 87' lang='grc' dir='ltr'>ἐκ</span> <span class='ocrx_word' id='word_1_74' title='bbox 888 1589 941 1648; x_wconf 83' lang='grc' dir='ltr'>τοῦ</span> <span class='ocrx_word' id='word_1_75' title='bbox 964 1586 1030 1664; x_wconf 82' lang='grc' dir='ltr'>ίημι</span> <span class='ocrx_word' id='word_1_76' title='bbox 1050 1585 1085 1650; x_wconf 82' lang='grc' dir='ltr'>τὸ</span> <span class='ocrx_word' id='word_1_77' title='bbox 1102 1582 1209 1664; x_wconf 87' lang='grc' dir='ltr'>πέμπω</span> <span class='ocrx_word' id='word_1_78' title='bbox 1226 1587 1300 1649; x_wconf 85' lang='grc' dir='ltr'>είσω</span> 
     </span>
     <span class='ocr_line' id='line_1_14' title="bbox 153 1686 1304 1770; baseline -0.004 -16"><span class='ocrx_word' id='word_1_79' title='bbox 153 1691 224 1755; x_wconf 85' lang='grc' dir='ltr'>είσα</span> <span class='ocrx_word' id='word_1_80' title='bbox 246 1692 332 1757; x_wconf 85' lang='grc' dir='ltr'>είσας</span> <span class='ocrx_word' id='word_1_81' title='bbox 360 1691 426 1756; x_wconf 80' lang='grc' dir='ltr'>είσε</span> <span class='ocrx_word' id='word_1_82' title='bbox 455 1691 504 1754; x_wconf 90' lang='grc' dir='ltr'>καὶ</span> <span class='ocrx_word' id='word_1_83' title='bbox 525 1692 602 1770; x_wconf 75' lang='grc' dir='ltr'>μετά</span> <span class='ocrx_word' id='word_1_84' title='bbox 623 1693 677 1753; x_wconf 84' lang='grc' dir='ltr'>τοῦ</span> <span class='ocrx_word' id='word_1_85' title='bbox 700 1687 776 1753; x_wconf 91' lang='grc' dir='ltr'>κατά</span> <span class='ocrx_word' id='word_1_86' title='bbox 805 1692 983 1769; x_wconf 85' lang='grc' dir='ltr'>προθετικοΰ</span> <span class='ocrx_word' id='word_1_87' title='bbox 1005 1686 1186 1766; x_wconf 85' lang='grc' dir='ltr'>“καθεῖσε,”</span> <span class='ocrx_word' id='word_1_88' title='bbox 1210 1693 1264 1753; x_wconf 82' lang='grc' dir='ltr'>τοῦ</span> <span class='ocrx_word' id='word_1_89' title='bbox 1285 1691 1304 1749; x_wconf 76' lang='grc' dir='ltr'>ῐ·</span> 
     </span>
     <span class='ocr_line' id='line_1_15' title="bbox 153 1779 977 1874; baseline -0.004 -17"><span class='ocrx_word' id='word_1_90' title='bbox 153 1779 229 1859; x_wconf 84' lang='grc' dir='ltr'>είςθ</span> <span class='ocrx_word' id='word_1_91' title='bbox 244 1792 433 1874; x_wconf 81' lang='grc' dir='ltr'>τρεπομένου,</span> <span class='ocrx_word' id='word_1_92' title='bbox 450 1793 497 1856; x_wconf 79' lang='grc' dir='ltr'>ὅτι</span> <span class='ocrx_word' id='word_1_93' title='bbox 512 1792 546 1856; x_wconf 87' lang='grc' dir='ltr'>τδ</span> <span class='ocrx_word' id='word_1_94' title='bbox 561 1794 626 1873; x_wconf 82' lang='grc' dir='ltr'>ίημι</span> <span class='ocrx_word' id='word_1_95' title='bbox 641 1796 676 1854; x_wconf 86' lang='grc' dir='ltr'>τὸ</span> <span class='ocrx_word' id='word_1_96' title='bbox 691 1789 799 1871; x_wconf 87' lang='grc' dir='ltr'>πέμπω</span> <span class='ocrx_word' id='word_1_97' title='bbox 815 1789 977 1856; x_wconf 84' lang='grc' dir='ltr'>δασυντέον</span> 
     </span>
    </p>

    <p class='ocr_par' dir='ltr' id='par_1_12' title="bbox 198 1892 1357 1984">
     <span class='ocr_line' id='line_1_16' title="bbox 198 1892 1357 1984; baseline -0.001 -24"><span class='ocrx_word' id='word_1_98' title='bbox 198 1897 269 1960; x_wconf 91' lang='grc'><strong>216.</strong></span> <span class='ocrx_word' id='word_1_99' title='bbox 293 1892 448 1984; x_wconf 88' lang='grc' dir='ltr'>ὀαριστύς]</span> <span class='ocrx_word' id='word_1_100' title='bbox 467 1896 571 1977; x_wconf 87' lang='grc' dir='ltr'>ὁμιλία</span> <span class='ocrx_word' id='word_1_101' title='bbox 1320 1915 1357 1975; x_wconf 83' lang='grc'>15</span> 
     </span>
    </p>

    <p class='ocr_par' dir='ltr' id='par_1_13' title="bbox 197 1994 1114 2087">
     <span class='ocr_line' id='line_1_17' title="bbox 197 1994 1114 2087; baseline -0.002 -23"><span class='ocrx_word' id='word_1_102' title='bbox 197 2014 269 2081; x_wconf 91' lang='grc'><strong>217.</strong></span> <span class='ocrx_word' id='word_1_103' title='bbox 293 1995 465 2087; x_wconf 80' lang='grc' dir='ltr'>πάρφασις]</span> <span class='ocrx_word' id='word_1_104' title='bbox 482 1998 722 2082; x_wconf 89' lang='grc' dir='ltr'>παρολογιστική</span> <span class='ocrx_word' id='word_1_105' title='bbox 855 2015 927 2065; x_wconf 90' lang='grc'><strong>221.</strong></span> <span class='ocrx_word' id='word_1_106' title='bbox 951 1994 1026 2086; x_wconf 85' lang='grc' dir='ltr'>ὅτι]</span> <span class='ocrx_word' id='word_1_107' title='bbox 1044 1999 1073 2063; x_wconf 86' lang='grc' dir='ltr'>εί</span> <span class='ocrx_word' id='word_1_108' title='bbox 1085 2023 1114 2062; x_wconf 90' lang='grc' dir='ltr'>τι</span> 
     </span>
    </p>

    <p class='ocr_par' dir='ltr' id='par_1_14' title="bbox 198 2098 781 2189">
     <span class='ocr_line' id='line_1_18' title="bbox 198 2098 781 2189; baseline 0.005 -21"><span class='ocrx_word' id='word_1_109' title='bbox 198 2120 270 2187; x_wconf 89' lang='lat'>229.</span> <span class='ocrx_word' id='word_1_110' title='bbox 294 2101 331 2182; x_wconf 85' lang='grc' dir='ltr'>ἐξ</span> <span class='ocrx_word' id='word_1_111' title='bbox 342 2098 458 2189; x_wconf 88' lang='grc' dir='ltr'>Ἀθόω]</span> <span class='ocrx_word' id='word_1_112' title='bbox 475 2104 560 2184; x_wconf 88' lang='grc' dir='ltr'>ὄρους</span> <span class='ocrx_word' id='word_1_113' title='bbox 577 2100 700 2186; x_wconf 81' lang='grc' dir='ltr'>Θρήκης</span> <span class='ocrx_word' id='word_1_114' title='bbox 714 2101 781 2171; x_wconf 82' lang='lat' dir='ltr'>A÷</span> 
     </span>
    </p>

    <p class='ocr_par' dir='ltr' id='par_1_15' title="bbox 198 2201 644 2293">
     <span class='ocr_line' id='line_1_19' title="bbox 198 2201 644 2293; baseline 0.002 -24"><span class='ocrx_word' id='word_1_115' title='bbox 198 2224 270 2285; x_wconf 91' lang='grc'><strong>240.</strong></span> <span class='ocrx_word' id='word_1_116' title='bbox 292 2201 480 2293; x_wconf 80' lang='grc' dir='ltr'>ὑπὸ-ἥσει]</span> <span class='ocrx_word' id='word_1_117' title='bbox 496 2204 644 2285; x_wconf 75' lang='grc' dir='ltr'>ὑποθήσει</span> 
     </span>
    </p>

    <p class='ocr_par' dir='ltr' id='par_1_16' title="bbox 198 2305 747 2397">
     <span class='ocr_line' id='line_1_20' title="bbox 198 2305 747 2397; baseline 0.004 -22"><span class='ocrx_word' id='word_1_118' title='bbox 198 2324 270 2392; x_wconf 90' lang='grc'><strong>250.</strong></span> <span class='ocrx_word' id='word_1_119' title='bbox 293 2310 368 2377; x_wconf 87' lang='grc' dir='ltr'>Διὸς</span> <span class='ocrx_word' id='word_1_120' title='bbox 381 2305 461 2397; x_wconf 84' lang='grc' dir='ltr'>υἱός]</span> <span class='ocrx_word' id='word_1_121' title='bbox 478 2309 665 2391; x_wconf 85' lang='grc' dir='ltr'>δἭρακλῆς</span> <span class='ocrx_word' id='word_1_122' title='bbox 744 2384 747 2391; x_wconf 94' lang='lat'>.</span> 
     </span>
    </p>

    <p class='ocr_par' dir='ltr' id='par_1_17' title="bbox 152 2413 1357 3019">
     <span class='ocr_line' id='line_1_21' title="bbox 196 2413 1357 2497; baseline 0.003 -20"><span class='ocrx_word' id='word_1_123' title='bbox 196 2415 352 2497; x_wconf 80' lang='grc' dir='ltr'>Ἡρακλῆς</span> <span class='ocrx_word' id='word_1_124' title='bbox 385 2414 635 2494; x_wconf 79' lang='grc' dir='ltr'>ἀνακομιζόμενος</span> <span class='ocrx_word' id='word_1_125' title='bbox 660 2413 736 2495; x_wconf 86' lang='grc' dir='ltr'>μετά</span> <span class='ocrx_word' id='word_1_126' title='bbox 762 2413 796 2477; x_wconf 86' lang='grc' dir='ltr'>τὸ</span> <span class='ocrx_word' id='word_1_127' title='bbox 822 2414 973 2496; x_wconf 83' lang='grc' dir='ltr'>πορθῆσαι</span> <span class='ocrx_word' id='word_1_128' title='bbox 997 2414 1111 2496; x_wconf 89' lang='grc' dir='ltr'>Τροίαν</span> <span class='ocrx_word' id='word_1_129' title='bbox 1136 2413 1299 2495; x_wconf 84' lang='grc' dir='ltr'>γενόμενός</span> <span class='ocrx_word' id='word_1_130' title='bbox 1318 2439 1357 2480; x_wconf 81' lang='lat'>20</span> 
     </span>
     <span class='ocr_line' id='line_1_22' title="bbox 153 2515 1302 2601; baseline 0.001 -21"><span class='ocrx_word' id='word_1_131' title='bbox 153 2542 187 2583; x_wconf 93' lang='grc' dir='ltr'>τε</span> <span class='ocrx_word' id='word_1_132' title='bbox 212 2520 288 2583; x_wconf 76' lang='grc' dir='ltr'>κατὰ</span> <span class='ocrx_word' id='word_1_133' title='bbox 313 2517 347 2582; x_wconf 88' lang='grc' dir='ltr'>τδ</span> <span class='ocrx_word' id='word_1_134' title='bbox 372 2519 499 2598; x_wconf 76' lang='grc' dir='ltr'>Αἰγαῖον</span> <span class='ocrx_word' id='word_1_135' title='bbox 521 2516 656 2600; x_wconf 88' lang='grc' dir='ltr'>πέλαγος</span> <span class='ocrx_word' id='word_1_136' title='bbox 681 2515 833 2597; x_wconf 84' lang='grc' dir='ltr'>βουλήσει</span> <span class='ocrx_word' id='word_1_137' title='bbox 855 2515 956 2599; x_wconf 85' lang='grc' dir='ltr'>Ἥρας</span> <span class='ocrx_word' id='word_1_138' title='bbox 978 2518 1101 2599; x_wconf 82' lang='grc' dir='ltr'>σφόδρα</span> <span class='ocrx_word' id='word_1_139' title='bbox 1129 2518 1302 2601; x_wconf 86' lang='grc' dir='ltr'>συνεσχέθη</span> 
     </span>
     <span class='ocr_line' id='line_1_23' title="bbox 152 2619 1303 2704; baseline -0.001 -18"><span class='ocrx_word' id='word_1_140' title='bbox 152 2627 292 2704; x_wconf 81' lang='grc' dir='ltr'>χειμῶνι·</span> <span class='ocrx_word' id='word_1_141' title='bbox 322 2622 499 2700; x_wconf 84' lang='grc' dir='ltr'>κατασυρεὶς</span> <span class='ocrx_word' id='word_1_142' title='bbox 519 2621 552 2685; x_wconf 74' lang='grc' dir='ltr'>δέ</span> <span class='ocrx_word' id='word_1_143' title='bbox 575 2622 618 2687; x_wconf 88' lang='grc' dir='ltr'>είς</span> <span class='ocrx_word' id='word_1_144' title='bbox 641 2625 711 2685; x_wconf 81' lang='grc' dir='ltr'>Κῶν</span> <span class='ocrx_word' id='word_1_145' title='bbox 732 2620 867 2700; x_wconf 77' lang='grc' dir='ltr'>ἐκωλύθη</span> <span class='ocrx_word' id='word_1_146' title='bbox 891 2622 1035 2703; x_wconf 77' lang='grc' dir='ltr'>ἐπιβῆναι</span> <span class='ocrx_word' id='word_1_147' title='bbox 1053 2624 1106 2699; x_wconf 89' lang='grc' dir='ltr'>τῆς</span> <span class='ocrx_word' id='word_1_148' title='bbox 1127 2619 1222 2700; x_wconf 84' lang='grc' dir='ltr'>νήσου</span> <span class='ocrx_word' id='word_1_149' title='bbox 1244 2623 1303 2685; x_wconf 83' lang='grc' dir='ltr'>ὑπὸ</span> 
     </span>
     <span class='ocr_line' id='line_1_24' title="bbox 154 2724 1302 2808; baseline 0.003 -21"><span class='ocrx_word' id='word_1_150' title='bbox 154 2725 330 2808; x_wconf 75' lang='grc' dir='ltr'>Εὐρυπύλου</span> <span class='ocrx_word' id='word_1_151' title='bbox 355 2729 408 2788; x_wconf 80' lang='grc' dir='ltr'>τοῦ</span> <span class='ocrx_word' id='word_1_152' title='bbox 437 2729 631 2791; x_wconf 77' lang='grc' dir='ltr'>Ποσειδῶνος</span> <span class='ocrx_word' id='word_1_153' title='bbox 660 2725 883 2806; x_wconf 88' lang='grc' dir='ltr'>βασιλεύοντος</span> <span class='ocrx_word' id='word_1_154' title='bbox 912 2725 1017 2805; x_wconf 81' lang='grc' dir='ltr'>αύτῆς·</span> <span class='ocrx_word' id='word_1_155' title='bbox 1050 2724 1240 2805; x_wconf 87' lang='grc' dir='ltr'>βιασάμενος</span> <span class='ocrx_word' id='word_1_156' title='bbox 1269 2728 1302 2790; x_wconf 76' lang='grc' dir='ltr'>δὲ</span> 
     </span>
     <span class='ocr_line' id='line_1_25' title="bbox 153 2827 1301 2915; baseline -0.001 -23"><span class='ocrx_word' id='word_1_157' title='bbox 153 2828 194 2896; x_wconf 77' lang='grc' dir='ltr'>ὥς</span> <span class='ocrx_word' id='word_1_158' title='bbox 208 2829 325 2915; x_wconf 77' lang='grc' dir='ltr'>λῃστὴς</span> <span class='ocrx_word' id='word_1_159' title='bbox 340 2830 451 2907; x_wconf 87' lang='grc' dir='ltr'>ἐπιβδις</span> <span class='ocrx_word' id='word_1_160' title='bbox 466 2829 569 2892; x_wconf 85' lang='grc' dir='ltr'>άνεῖλε</span> <span class='ocrx_word' id='word_1_161' title='bbox 591 2828 645 2891; x_wconf 86' lang='grc' dir='ltr'>τόν</span> <span class='ocrx_word' id='word_1_162' title='bbox 659 2852 693 2893; x_wconf 92' lang='grc' dir='ltr'>τε</span> <span class='ocrx_word' id='word_1_163' title='bbox 716 2827 894 2910; x_wconf 75' lang='grc' dir='ltr'>Εὐρύπυλον</span> <span class='ocrx_word' id='word_1_164' title='bbox 916 2828 965 2892; x_wconf 81' lang='grc' dir='ltr'>καὶ</span> <span class='ocrx_word' id='word_1_165' title='bbox 987 2828 1055 2896; x_wconf 83' lang='grc' dir='ltr'>τοὺς</span> <span class='ocrx_word' id='word_1_166' title='bbox 1078 2833 1187 2896; x_wconf 86' lang='grc' dir='ltr'>παῖδας</span> <span class='ocrx_word' id='word_1_167' title='bbox 1202 2829 1301 2906; x_wconf 84' lang='grc' dir='ltr'>αύτοῢ,</span> 
     </span>
     <span class='ocr_line' id='line_1_26' title="bbox 152 2931 1356 3019; baseline 0 -24"><span class='ocrx_word' id='word_1_168' title='bbox 152 2934 251 3014; x_wconf 82' lang='grc' dir='ltr'>μιγεὶς</span> <span class='ocrx_word' id='word_1_169' title='bbox 266 2936 299 2998; x_wconf 78' lang='grc' dir='ltr'>δέ</span> <span class='ocrx_word' id='word_1_170' title='bbox 318 2933 354 3019; x_wconf 80' lang='grc' dir='ltr'>τῇ</span> <span class='ocrx_word' id='word_1_171' title='bbox 370 2932 494 3015; x_wconf 84' lang='grc' dir='ltr'>θυγατρὶ</span> <span class='ocrx_word' id='word_1_172' title='bbox 511 2931 601 2996; x_wconf 78' lang='grc' dir='ltr'>αὐτοῦ</span> <span class='ocrx_word' id='word_1_173' title='bbox 616 2932 778 3018; x_wconf 80' lang='grc' dir='ltr'>Χαλκιόπη</span> <span class='ocrx_word' id='word_1_174' title='bbox 795 2936 965 2997; x_wconf 86' lang='grc' dir='ltr'>Θεσσαλδν</span> <span class='ocrx_word' id='word_1_175' title='bbox 980 2931 1143 3016; x_wconf 86' lang='grc' dir='ltr'>ἐγέννησεν</span> <span class='ocrx_word' id='word_1_176' title='bbox 1153 2932 1222 3002; x_wconf 83' lang='lat' dir='ltr'>A÷</span> <span class='ocrx_word' id='word_1_177' title='bbox 1319 2956 1356 3016; x_wconf 86' lang='lat'>²5</span> 
     </span>
    </p>

    <p class='ocr_par' dir='ltr' id='par_1_18' title="bbox 198 3032 973 3125">
     <span class='ocr_line' id='line_1_27' title="bbox 198 3032 973 3125; baseline -0.001 -24"><span class='ocrx_word' id='word_1_178' title='bbox 198 3050 270 3120; x_wconf 84' lang='lat'>253.</span> <span class='ocrx_word' id='word_1_179' title='bbox 294 3032 338 3125; x_wconf 86' lang='grc' dir='ltr'>οῐ]</span> <span class='ocrx_word' id='word_1_180' title='bbox 356 3036 434 3121; x_wconf 75' lang='grc' dir='ltr'>αύτῷ</span> <span class='ocrx_word' id='word_1_181' title='bbox 568 3047 641 3116; x_wconf 86' lang='grc'><strong>255.</strong></span> <span class='ocrx_word' id='word_1_182' title='bbox 663 3032 731 3122; x_wconf 88' lang='grc' dir='ltr'>μίν]</span> <span class='ocrx_word' id='word_1_183' title='bbox 748 3042 801 3100; x_wconf 90' lang='grc' dir='ltr'>τδν</span> <span class='ocrx_word' id='word_1_184' title='bbox 814 3035 973 3117; x_wconf 84' lang='grc' dir='ltr'>Ἡρακλέα</span> 
     </span>
    </p>

    <p class='ocr_par' dir='ltr' id='par_1_19' title="bbox 199 3135 1024 3228">
     <span class='ocr_line' id='line_1_28' title="bbox 199 3135 1024 3228; baseline -0.002 -23"><span class='ocrx_word' id='word_1_185' title='bbox 199 3142 271 3222; x_wconf 89' lang='grc'><strong>256.</strong></span> <span class='ocrx_word' id='word_1_186' title='bbox 295 3135 374 3228; x_wconf 84' lang='grc' dir='ltr'>δδί]</span> <span class='ocrx_word' id='word_1_187' title='bbox 392 3142 409 3203; x_wconf 86' lang='grc' dir='ltr'>δ</span> <span class='ocrx_word' id='word_1_188' title='bbox 424 3139 500 3206; x_wconf 86' lang='grc' dir='ltr'>Ζεύς</span> <span class='ocrx_word' id='word_1_189' title='bbox 632 3139 704 3203; x_wconf 91' lang='grc'><strong>261.</strong></span> <span class='ocrx_word' id='word_1_190' title='bbox 727 3136 829 3227; x_wconf 84' lang='grc' dir='ltr'>άζετο]</span> <span class='ocrx_word' id='word_1_191' title='bbox 849 3139 1024 3223; x_wconf 78' lang='grc' dir='ltr'>ἐνετρέπετο</span> 
     </span>
    </p>

    <p class='ocr_par' dir='ltr' id='par_1_20' title="bbox 199 3239 971 3330">
     <span class='ocr_line' id='line_1_29' title="bbox 199 3239 971 3330; baseline 0.004 -23"><span class='ocrx_word' id='word_1_192' title='bbox 199 3244 270 3308; x_wconf 90' lang='grc'><strong>281.</strong></span> <span class='ocrx_word' id='word_1_193' title='bbox 293 3239 350 3330; x_wconf 83' lang='grc' dir='ltr'>τοί]</span> <span class='ocrx_word' id='word_1_194' title='bbox 368 3243 449 3306; x_wconf 76' lang='grc' dir='ltr'>οὗτοι</span> <span class='ocrx_word' id='word_1_195' title='bbox 576 3239 719 3330; x_wconf 88' lang='grc' dir='ltr'>Ἴμβρου]</span> <span class='ocrx_word' id='word_1_196' title='bbox 739 3247 831 3324; x_wconf 82' lang='grc' dir='ltr'>νῆσος</span> <span class='ocrx_word' id='word_1_197' title='bbox 847 3241 971 3327; x_wconf 72' lang='grc' dir='ltr'>Θράκης</span> 
     </span>
    </p>

    <p class='ocr_par' dir='ltr' id='par_1_21' title="bbox 198 3342 644 3434">
     <span class='ocr_line' id='line_1_30' title="bbox 198 3342 644 3434; baseline -0.004 -21"><span class='ocrx_word' id='word_1_198' title='bbox 198 3346 270 3413; x_wconf 90' lang='grc'><strong>282.</strong></span> <span class='ocrx_word' id='word_1_199' title='bbox 292 3342 481 3434; x_wconf 88' lang='grc' dir='ltr'>πρήσσοντε]</span> <span class='ocrx_word' id='word_1_200' title='bbox 499 3347 644 3411; x_wconf 87' lang='grc' dir='ltr'>κόπτοντε</span> 
     </span>
    </p>

    <p class='ocr_par' dir='ltr' id='par_1_22' title="bbox 154 3445 1356 3744">
     <span class='ocr_line' id='line_1_31' title="bbox 200 3445 1356 3539; baseline 0.003 -23"><span class='ocrx_word' id='word_1_201' title='bbox 200 3450 272 3530; x_wconf 90' lang='grc'><strong>284.</strong></span> <span class='ocrx_word' id='word_1_202' title='bbox 295 3445 426 3537; x_wconf 83' lang='grc' dir='ltr'>Λεκτόν]</span> <span class='ocrx_word' id='word_1_203' title='bbox 443 3447 627 3532; x_wconf 78' lang='grc' dir='ltr'>ἀκρωτήριον</span> <span class='ocrx_word' id='word_1_204' title='bbox 641 3453 693 3530; x_wconf 86' lang='grc' dir='ltr'>τῆς</span> <span class='ocrx_word' id='word_1_205' title='bbox 706 3448 797 3531; x_wconf 85' lang='grc' dir='ltr'>Ἴδης,</span> <span class='ocrx_word' id='word_1_206' title='bbox 817 3450 1005 3530; x_wconf 89' lang='grc' dir='ltr'>κεκλημένον</span> <span class='ocrx_word' id='word_1_207' title='bbox 1022 3450 1082 3515; x_wconf 84' lang='grc' dir='ltr'>άπὸ</span> <span class='ocrx_word' id='word_1_208' title='bbox 1103 3455 1156 3515; x_wconf 80' lang='grc' dir='ltr'>τοῦ</span> <span class='ocrx_word' id='word_1_209' title='bbox 1175 3453 1209 3519; x_wconf 85' lang='grc' dir='ltr'>ἐν</span> <span class='ocrx_word' id='word_1_210' title='bbox 1223 3453 1302 3539; x_wconf 71' lang='grc' dir='ltr'>αύτῆ</span> <span class='ocrx_word' id='word_1_211' title='bbox 1317 3478 1356 3537; x_wconf 78' lang='lat'>30</span> 
     </span>
     <span class='ocr_line' id='line_1_32' title="bbox 154 3551 1304 3638; baseline 0.002 -19"><span class='ocrx_word' id='word_1_212' title='bbox 154 3558 369 3634; x_wconf 84' lang='grc' dir='ltr'>κατακλιθῆναι</span> <span class='ocrx_word' id='word_1_213' title='bbox 385 3554 447 3618; x_wconf 91' lang='grc' dir='ltr'>Δία</span> <span class='ocrx_word' id='word_1_214' title='bbox 462 3554 511 3618; x_wconf 89' lang='grc' dir='ltr'>καὶ</span> <span class='ocrx_word' id='word_1_215' title='bbox 522 3551 633 3635; x_wconf 87' lang='grc' dir='ltr'>Ἥραν.</span> <span class='ocrx_word' id='word_1_216' title='bbox 677 3552 707 3638; x_wconf 83' lang='grc' dir='ltr'>γ’</span> <span class='ocrx_word' id='word_1_217' title='bbox 722 3556 756 3619; x_wconf 79' lang='grc' dir='ltr'>δέ</span> <span class='ocrx_word' id='word_1_218' title='bbox 770 3557 808 3618; x_wconf 79' lang='grc' dir='ltr'>τὰ</span> <span class='ocrx_word' id='word_1_219' title='bbox 823 3552 992 3635; x_wconf 77' lang='grc' dir='ltr'>ἀκρωτήρια</span> <span class='ocrx_word' id='word_1_220' title='bbox 1008 3555 1060 3631; x_wconf 86' lang='grc' dir='ltr'>τῆς</span> <span class='ocrx_word' id='word_1_221' title='bbox 1080 3553 1170 3636; x_wconf 82' lang='grc' dir='ltr'>Ἴδης,</span> <span class='ocrx_word' id='word_1_222' title='bbox 1187 3558 1304 3622; x_wconf 83' lang='grc' dir='ltr'>Λεκτόν</span> 
     </span>
     <span class='ocr_line' id='line_1_33' title="bbox 154 3655 852 3744; baseline 0.007 -22"><span class='ocrx_word' id='word_1_223' title='bbox 154 3658 308 3742; x_wconf 79' lang='grc' dir='ltr'>Γάργαρον</span> <span class='ocrx_word' id='word_1_224' title='bbox 322 3656 468 3739; x_wconf 87' lang='grc' dir='ltr'>Φαλάκρη</span> <span class='ocrx_word' id='word_1_225' title='bbox 484 3655 537 3744; x_wconf 83' lang='lat' dir='ltr'>(cf.</span> <span class='ocrx_word' id='word_1_226' title='bbox 553 3657 593 3722; x_wconf 79' lang='lat' dir='ltr'>ad</span> <span class='ocrx_word' id='word_1_227' title='bbox 610 3656 650 3721; x_wconf 88' lang='lat' dir='ltr'>ss.</span> <span class='ocrx_word' id='word_1_228' title='bbox 666 3658 696 3725; x_wconf 94' lang='lat'>8.</span> <span class='ocrx_word' id='word_1_229' title='bbox 710 3656 768 3744; x_wconf 84' lang='lat'>48)</span> <span class='ocrx_word' id='word_1_230' title='bbox 782 3658 813 3721; x_wconf 86' lang='lat' dir='ltr'>A</span> <span class='ocrx_word' id='word_1_231' title='bbox 824 3673 852 3727; x_wconf 65' lang='grc' dir='ltr'>ἐ·</span> 
     </span>
    </p>

    <p class='ocr_par' dir='ltr' id='par_1_23' title="bbox 197 3757 541 3850">
     <span class='ocr_line' id='line_1_34' title="bbox 197 3757 541 3850; baseline 0.006 -23"><span class='ocrx_word' id='word_1_232' title='bbox 197 3763 270 3848; x_wconf 87' lang='grc'><strong>326.</strong></span> <span class='ocrx_word' id='word_1_233' title='bbox 294 3757 467 3850; x_wconf 89' lang='grc' dir='ltr'>Δήμητρος]</span> <span class='ocrx_word' id='word_1_234' title='bbox 488 3764 541 3840; x_wconf 89' lang='grc' dir='ltr'>τῆς</span> 
     </span>
    </p>

    <p class='ocr_par' dir='ltr' id='par_1_24' title="bbox 196 3862 1146 3953">
     <span class='ocr_line' id='line_1_35' title="bbox 196 3862 1146 3953; baseline 0.001 -24"><span class='ocrx_word' id='word_1_235' title='bbox 196 3884 270 3951; x_wconf 87' lang='grc'><strong>333.</strong></span> <span class='ocrx_word' id='word_1_236' title='bbox 293 3862 353 3953; x_wconf 80' lang='grc' dir='ltr'>ἔοι]</span> <span class='ocrx_word' id='word_1_237' title='bbox 369 3862 530 3953; x_wconf 79' lang='grc' dir='ltr'>ύπ]άρ]ξοι</span> <span class='ocrx_word' id='word_1_238' title='bbox 661 3885 734 3951; x_wconf 86' lang='lat'>344</span> <span class='ocrx_word' id='word_1_239' title='bbox 757 3862 926 3953; x_wconf 89' lang='grc' dir='ltr'>διαδράκοι]</span> <span class='ocrx_word' id='word_1_240' title='bbox 943 3865 1146 3931; x_wconf 85' lang='grc' dir='ltr'>κατοπτεύσαι</span> 
     </span>
    </p>

    <p class='ocr_par' dir='ltr' id='par_1_25' title="bbox 197 3968 1370 4056">
     <span class='ocr_line' id='line_1_36' title="bbox 197 3968 1370 4056; baseline 0.003 -22"><span class='ocrx_word' id='word_1_241' title='bbox 197 3982 270 4053; x_wconf 87' lang='grc'><strong>347.</strong></span> <span class='ocrx_word' id='word_1_242' title='bbox 293 3968 442 4049; x_wconf 91' lang='grc' dir='ltr'>νεοθηλέα</span> <span class='ocrx_word' id='word_1_243' title='bbox 456 3970 560 4056; x_wconf 87' lang='grc' dir='ltr'>ποίην]</span> <span class='ocrx_word' id='word_1_244' title='bbox 576 3973 701 4053; x_wconf 76' lang='grc' dir='ltr'>χλωρὰν</span> <span class='ocrx_word' id='word_1_245' title='bbox 714 3968 852 4051; x_wconf 85' lang='grc' dir='ltr'>βοτάνην</span> <span class='ocrx_word' id='word_1_246' title='bbox 1318 3995 1370 4056; x_wconf 76' lang='grc'>35.</span> 
     </span>
    </p>

    <p class='ocr_par' dir='ltr' id='par_1_26' title="bbox 197 4070 709 4162">
     <span class='ocr_line' id='line_1_37' title="bbox 197 4070 709 4162; baseline 0.016 -26"><span class='ocrx_word' id='word_1_247' title='bbox 197 4072 269 4159; x_wconf 90' lang='grc'><strong>348.</strong></span> <span class='ocrx_word' id='word_1_248' title='bbox 293 4070 407 4162; x_wconf 87' lang='grc' dir='ltr'>λωτόν]</span> <span class='ocrx_word' id='word_1_249' title='bbox 424 4074 503 4141; x_wconf 83' lang='grc' dir='ltr'>εἶδος</span> <span class='ocrx_word' id='word_1_250' title='bbox 517 4076 628 4158; x_wconf 81' lang='grc' dir='ltr'>χόρτου</span> <span class='ocrx_word' id='word_1_251' title='bbox 642 4074 709 4144; x_wconf 83' lang='lat' dir='ltr'>A÷</span> 
     </span>
    </p>

    <p class='ocr_par' dir='ltr' id='par_1_27' title="bbox 196 4174 800 4266">
     <span class='ocr_line' id='line_1_38' title="bbox 196 4174 800 4266; baseline 0 -24"><span class='ocrx_word' id='word_1_252' title='bbox 196 4198 270 4264; x_wconf 88' lang='lat'>349.</span> <span class='ocrx_word' id='word_1_253' title='bbox 295 4174 421 4266; x_wconf 86' lang='grc' dir='ltr'>πυκνόν]</span> <span class='ocrx_word' id='word_1_254' title='bbox 438 4180 518 4244; x_wconf 80' lang='grc' dir='ltr'>ὥστε</span> <span class='ocrx_word' id='word_1_255' title='bbox 532 4182 660 4258; x_wconf 87' lang='grc' dir='ltr'>ποιῆσαι</span> <span class='ocrx_word' id='word_1_256' title='bbox 675 4183 800 4261; x_wconf 74' lang='grc' dir='ltr'>στρθμα</span> 
     </span>
    </p>

    <p class='ocr_par' dir='ltr' id='par_1_28' title="bbox 185 4277 1304 4502">
     <span class='ocr_line' id='line_1_39' title="bbox 297 4277 1168 4371; baseline 0.005 -25"><span class='ocrx_word' id='word_1_257' title='bbox 297 4278 450 4371; x_wconf 88' lang='grc' dir='ltr'>μαλακόν]</span> <span class='ocrx_word' id='word_1_258' title='bbox 466 4281 677 4364; x_wconf 86' lang='grc' dir='ltr'>άνοπούσιμον</span> <span class='ocrx_word' id='word_1_259' title='bbox 807 4277 908 4371; x_wconf 85' lang='grc' dir='ltr'>έεργε]</span> <span class='ocrx_word' id='word_1_260' title='bbox 924 4281 1030 4350; x_wconf 74' lang='grc' dir='ltr'>αύτούς</span> <span class='ocrx_word' id='word_1_261' title='bbox 1044 4283 1168 4367; x_wconf 82' lang='grc' dir='ltr'>άνεῖχεν</span> 
     </span>
     <span class='ocr_line' id='line_1_40' title="bbox 185 4433 1304 4502; baseline 0.002 -18"><span class='ocrx_word' id='word_1_262' title='bbox 185 4434 448 4500; x_wconf 69' lang='grc' dir='ltr'>4κροσσοΐςΒταΐς</span> <span class='ocrx_word' id='word_1_263' title='bbox 465 4441 476 4497; x_wconf 91' lang='grc' dir='ltr'>ΙΙ</span> <span class='ocrx_word' id='word_1_264' title='bbox 496 4433 586 4502; x_wconf 81' lang='grc' dir='ltr'>7.αύδ’</span> <span class='ocrx_word' id='word_1_265' title='bbox 604 4441 615 4498; x_wconf 85' lang='grc'>11</span> <span class='ocrx_word' id='word_1_266' title='bbox 635 4449 673 4500; x_wconf 75' lang='lat'>13.</span> <span class='ocrx_word' id='word_1_267' title='bbox 690 4436 876 4502; x_wconf 70' lang='grc' dir='ltr'>τοῦτοντίρκὶι</span> <span class='ocrx_word' id='word_1_268' title='bbox 896 4433 987 4486; x_wconf 84' lang='grc' dir='ltr'>τούτου</span> <span class='ocrx_word' id='word_1_269' title='bbox 1004 4441 1016 4496; x_wconf 77' lang='grc'>11</span> <span class='ocrx_word' id='word_1_270' title='bbox 1035 4434 1304 4500; x_wconf 70' lang='lat' dir='ltr'>ammpdsAB&#39;,</span> 
     </span>
    </p>
   </div>
   <div class='ocr_carea' id='block_1_3' title="bbox 151 4500 1304 4633">
    <p class='ocr_par' dir='ltr' id='par_1_29' title="bbox 151 4500 1304 4633">
     <span class='ocr_line' id='line_1_41' title="bbox 151 4500 1304 4618; baseline 0.002 -67"><span class='ocrx_word' id='word_1_271' title='bbox 151 4500 358 4564; x_wconf 73' lang='grc' dir='ltr'>κατασνρνιλςῦι</span> <span class='ocrx_word' id='word_1_272' title='bbox 375 4500 438 4550; x_wconf 74' lang='grc' dir='ltr'>κατὰ</span> <span class='ocrx_word' id='word_1_273' title='bbox 449 4500 521 4566; x_wconf 83' lang='grc' dir='ltr'>σθρηκ</span> <span class='ocrx_word' id='word_1_274' title='bbox 548 4507 560 4562; x_wconf 74' lang='lat' dir='ltr'>n</span> <span class='ocrx_word' id='word_1_275' title='bbox 590 4517 629 4567; x_wconf 85' lang='lat'>²4·</span> <span class='ocrx_word' id='word_1_276' title='bbox 646 4500 757 4553; x_wconf 74' lang='grc' dir='ltr'>κυδαπιο</span> <span class='ocrx_word' id='word_1_277' title='bbox 771 4503 803 4553; x_wconf 77' lang='grc' dir='ltr'>δι</span> <span class='ocrx_word' id='word_1_278' title='bbox 819 4503 938 4618; x_wconf 54' lang='lat' dir='ltr'><strong>uupglnont</strong></span> <span class='ocrx_word' id='word_1_279' title='bbox 953 4503 1038 4554; x_wconf 75' lang='lat' dir='ltr'><strong>AB&#39;D</strong></span> <span class='ocrx_word' id='word_1_280' title='bbox 1066 4507 1077 4565; x_wconf 75' lang='grc'><strong>5</strong></span> <span class='ocrx_word' id='word_1_281' title='bbox 1106 4516 1145 4570; x_wconf 81' lang='lat'>²⁹·</span> <span class='ocrx_word' id='word_1_282' title='bbox 1162 4502 1304 4568; x_wconf 68' lang='lat' dir='ltr'><strong>explicatur</strong></span> 
     </span>
     <span class='ocr_line' id='line_1_42' title="bbox 152 4565 963 4633; baseline 0.002 -17"><span class='ocrx_word' id='word_1_283' title='bbox 152 4565 293 4631; x_wconf 80' lang='grc' dir='ltr'>πλήσσοντε</span> <span class='ocrx_word' id='word_1_284' title='bbox 323 4572 333 4628; x_wconf 78' lang='lat' dir='ltr'>n</span> <span class='ocrx_word' id='word_1_285' title='bbox 362 4581 401 4632; x_wconf 74' lang='lat'>34.</span> <span class='ocrx_word' id='word_1_286' title='bbox 417 4566 579 4619; x_wconf 80' lang='grc' dir='ltr'>νατοττείισοι</span> <span class='ocrx_word' id='word_1_287' title='bbox 604 4573 616 4632; x_wconf 70' lang='lat' dir='ltr'>fl</span> <span class='ocrx_word' id='word_1_288' title='bbox 642 4569 682 4632; x_wconf 74' lang='lat'>38.</span> <span class='ocrx_word' id='word_1_289' title='bbox 699 4568 797 4633; x_wconf 72' lang='grc' dir='ltr'>ἐνεῖχεν</span> <span class='ocrx_word' id='word_1_290' title='bbox 808 4569 848 4620; x_wconf 82' lang='lat' dir='ltr'>D:</span> <span class='ocrx_word' id='word_1_291' title='bbox 907 4568 963 4618; x_wconf 78' lang='grc' dir='ltr'>ιλεν</span> 
     </span>
    </p>
   </div>
   <div class='ocr_carea' id='block_1_4' title="bbox 0 0 1506 5040">
    <p class='ocr_par' dir='ltr' id='par_1_30' title="bbox 0 0 1506 5040">
     <span class='ocr_line' id='line_1_43' title="bbox 0 0 1506 5040; baseline 0 0"><span class='ocrx_word' id='word_1_292' title='bbox 0 0 1506 5040; x_wconf 95' lang='lat' dir='ltr'> </span> 
     </span>
    </p>
   </div>
  </div>
 </body>
</html>
