3000 5040
277 238 342 301 ιον
696 244 868 304 mmor
892 244 928 305 ι.
948 238 1018 327 (1)

322 409 396 474 282.
420 405 511 495 παῦε]
529 409 712 491 ἀποστροφὴ
729 410 763 474 rb
779 413 882 494 σχῆμα

324 513 397 598 289.
414 510 590 602 σημαίνειν]
608 515 819 598 προστάσσειν
831 521 895 580 A:

417 613 520 705 άτινα]
540 619 583 684 είς
713 616 736 657 ³*
748 616 927 708 πείσεσθαι]
944 622 1107 698 πεισθῆναι

417 718 460 783 ib.
483 725 519 783 rb
534 724 550 754 ‘⁸
560 719 752 801 πείσεσθμι”
770 724 898 786 ἐνταῦθα
915 724 1108 804 ἑρμηνεύεται
1124 723 1201 788 κατὰ
1216 726 1276 805 μέν
1292 723 1350 804 τὴν
1365 725 1438 806 πρά·

243 854 261 912 5
278 848 332 903 την
354 821 516 903 ἐπιβολήν,
533 823 667 906 (ἐντῷ)
696 824 830 891 “auva'’
847 831 900 889 τοῦ
919 825 987 891 τινά
1010 831 1222 906 πληθυντικῶς
1245 829 1439 907 ἐκλαμβανο-

276 926 368 1007 μένου
391 928 440 991 καὶ
462 926 535 1008 πρὸς
557 927 592 990 τὸ
616 927 635 991 ά
660 929 899 1010 συναρτωμέυου,
922 929 1009 996 άτινα
1026 931 1062 995 ού
1081 932 1248 996 πείσεσθαι
1276 931 1328 994 καὶ
1353 936 1440 1013 σχεῖν

277 1032 326 1095 καὶ
350 1032 448 1112 εὑρεῖν
470 1036 523 1095 τὸν
544 1028 700 1114 Ἀχιλλέα
722 1034 776 1096 ὀίω
800 1030 849 1097 καὶ
872 1034 964 1114 οἶμαι.
996 1035 1065 1100 τίνα
1091 1039 1204 1113 ταῦτα;
1232 1033 1269 1098 rb
1295 1032 1439 1098 “πάντωυ

276 1135 332 1214 μέν
348 1132 512 1215 κρατέειν,”
529 1138 646 1198 απῖισιν
662 1138 695 1199 δέ
711 1134 884 1200 ἂνάσσειν”
900 1138 950 1201 καὶ
965 1142 983 1172 “
991 1141 1067 1201 πᾶσι
1084 1137 1276 1218 σημαίνειν.”
1302 1135 1439 1219 διαφέρει

277 1242 378 1301 ταῦτα.
395 1234 583 1318 “κρατέειυ”
599 1238 634 1301 rb
651 1236 758 1319 κρότος
774 1240 858 1321 ἐχειν
874 1237 1003 1303 πάντων.
1035 1240 1084 1304 καὶ
1101 1243 1175 1305 κατὰ
1191 1245 1283 1304 τοῦτο
1299 1239 1440 1323 διαφέρει

227 1362 263 1402 1ο
276 1345 328 1403 τοῦ
350 1342 542 1420 βασιλεύειν,
566 1341 642 1404 κατὰ
665 1342 721 1420 τὴν
741 1339 896 1422 ἐνέργειαν
918 1343 966 1406 καὶ
987 1341 1042 1421 τὴν
1061 1341 1181 1425 πρῖιξιν·
1205 1342 1365 1410 πολλάκις
1384 1343 1439 1425 γάρ

275 1448 421 1523 βασιλεῖς
439 1446 519 1507 εἰσιν
540 1443 741 1525 άυενέργητοι,
758 1443 807 1506 καὶ
828 1445 858 1507 οῖ
878 1445 1011 1527 ἐνεργεῖς
1027 1446 1093 1510 ἀντὶ
1108 1445 1223 1511 τούτων
1242 1446 1439 1528 πράττουσιν.

275 1549 306 1609 οῖ
328 1548 361 1610 δέ
384 1547 584 1625 σημαίνοντες
606 1547 686 1626 παρὰ
708 1547 831 1613 τούτους
854 1548 946 1612 άλλοι
965 1548 1055 1624 είσίν,
1079 1550 1108 1612 οῖ
1130 1551 1166 1637 τῇ
1189 1550 1294 1637 βουλῇ
1322 1550 1374 1613 καὶ
1399 1552 1439 1634 τῷ

275 1650 358 1735 λόγῳ
383 1656 443 1714 τῶν
468 1650 575 1714 ἄλλων
601 1648 832 1732 προηγούμενοι.
864 1651 913 1715 καὶ
935 1653 1003 1733 τρία
1028 1651 1121 1716 ταῦτά
1146 1654 1209 1716 εἶσι
1235 1655 1275 1716 rb
1299 1651 1439 1735 μέγιστα,

275 1751 488 1834 βασιλεία-ι]
510 1755 558 1817 καὶ
577 1752 796 1832 ἐξουσία-καὶ
816 1752 924 1836 κράτος
942 1760 1054 1839 χειριῦν
1070 1756 1119 1820 καὶ
1139 1756 1235 1839 λόγου
1251 1753 1301 1819 καί
1320 1760 1440 1834 βουλῆς

227 1872 261 1932 15
276 1856 396 1941 σχέσις.
427 1860 519 1921 ταῦτα
533 1857 610 1939 (ού)
625 1862 723 1936 φησιν
740 1854 938 1939 Ἀγαμέμνων
953 1855 1052 1922 πάντα
1072 1859 1238 1923 πείσεσθαι
1260 1864 1316 1923 τὸν
1329 1857 1438 1941 Ἀχιλ-

275 1959 333 2024 λέα
360 1960 452 2040 ἐχειν·
476 1960 622 2025 ἀδύνατον
644 1958 702 2042 γάρ
725 1966 804 2040 φησι
828 1960 880 2026 τὸν
904 1960 994 2026 αῦτδν
1018 1966 1082 2028 τοῖς
1108 1959 1189 2042 τρισὶ
1215 1964 1381 2041 τιμηθῆναι
1405 1963 1437 2026 ἐκ

276 2068 356 2129 θεοῦ·
380 2062 468 2148 άλλφ
488 2066 546 2146 γὰρ
566 2063 646 2127 δλλο
669 2063 782 2146 ἀγαθὸν
806 2066 839 2128 ἐκ
863 2068 934 2128 θεοῦ
956 2065 1215 2146 άπομεριζόμενον
1236 2065 1363 2139 δίδοται,
1388 2065 1436 2128 καὶ

276 2167 311 2230 οῦ
332 2165 430 2231 πάντα
450 2169 491 2252 τῷ
512 2166 600 2252 αὐτῷ.
633 2167 681 2230 καὶ
702 2171 790 2229 τοῦτο
810 2170 867 2246 μέν
887 2166 922 2230 rb
938 2170 1013 2231 κατὰ
1028 2168 1149 2249 πρόιην
1164 2165 1328 2247 ἐπιβολήν.
1359 2167 1389 2231 οῖ
1404 2168 1436 2231 δέ

276 2265 311 2329 rb
326 2271 343 2300 “
353 2262 420 2330 τινά
429 2264 446 2289 ”
463 2269 568 2331 ἑνικῶς
592 2264 837 2345 ἐκλαμβάυουται
860 2266 909 2329 καὶ
924 2264 1081 2347 λέγουσιν,
1096 2265 1116 2329 δ
1132 2265 1184 2330 οῦκ
1201 2266 1287 2345 οἶμαί
1301 2291 1371 2330 τινα
1386 2265 1438 2330 ένα

225 2391 264 2430 20
277 2369 436 2451 άνθρωπον
453 2371 616 2432 πείσεσθαι
640 2370 690 2432 καὶ
713 2372 822 2432 παθεῖν
843 2370 890 2432 καὶ
915 2373 1005 2452 σχεῖν
1020 2371 1054 2434 ἐν
1072 2369 1179 2455 ταύτφ,
1195 2369 1235 2436 ὥς
1250 2369 1339 2455 άλλιρ
1356 2369 1436 2433 ἄλλο

276 2473 434 2552 διδόμενον
457 2475 538 2554 παρὰ
560 2476 640 2536 θεοῦ.
666 2469 685 2551 ἢ
709 2474 811 2539 ούτως·
834 2472 886 2536 οῦκ
909 2473 994 2552 οἶμαι
1018 2472 1071 2537 τὸν
1094 2471 1248 2555 Ἀχιλλέα
1271 2473 1436 2537 πείσεσθαι

278 2574 327 2641 καὶ
351 2577 472 2640 πείσειν
497 2578 564 2639 τινά
594 2576 674 2640 ὥστε
702 2577 785 2659 ἐχειν
813 2576 887 2640 αὐτὰ
910 2576 963 2640 τὸν
984 2574 1145 2659 Ἀχιλλέα
1176 2577 1290 2658 τρόπον
1312 2577 1348 2640 δέ
1370 2602 1437 2641 τινα

278 2681 405 2745 ἐνταῦθα
422 2677 619 2762 Ἀγαμέμνων
634 2683 740 2744 ἐαυτοῦ
760 2677 808 2742 καὶ
827 2686 880 2743 τοῦ
894 2678 1064 2762 ’λχιλλέως
1080 2682 1197 2744 καὶτοῦ
1213 2678 1369 2760 Νέστορος
1384 2680 1438 2747 τὰς

278 2786 311 2849 ἐκ
336 2788 406 2848 θεοῦ
427 2786 541 2865 δωρεᾶς
564 2783 738 2866 διέγραψεν,
762 2784 808 2846 ότι
830 2780 996 2866 Ἀχιλλεὺς
1021 2786 1078 2863 μέν
1101 2784 1167 2866 ἐχει
1191 2783 1299 2865 κράτος
1321 2782 1436 2866 χειρός,

227 2910 263 2970 25
279 2887 337 2971 ἐγὼ
354 2889 387 2952 δέ
401 2888 577 2967 βασιλείαν,
593 2886 632 2950 σὺ
652 2889 685 2951 δὲ
706 2884 835 2966 βουλήν·
860 2886 947 2953 αύτδς
962 2887 995 2952 δέ
1011 2889 1028 2950 ά
1044 2885 1208 2970 Ἀχιλλεὺς
1222 2886 1374 2967 βούλεται
1390 2884 1438 2950 καὶ

277 2994 316 3056 rb
330 2992 399 3074 τρία
413 2992 498 3074 ἐχειν

322 3113 394 3177 290.
418 3098 435 3159 ά
458 3096 553 3177 λόγος
578 3100 723 3162 τοιοῦτος·
759 3097 786 3160 εί
810 3092 999 3174 πολεμιστής
1025 3098 1111 3160 ἐστιν
1134 3091 1301 3177 Ἀχιλλεὺς
1331 3092 1436 3178 γνόμῃ

277 3205 337 3264 τῦν
360 3203 445 3279 θεῶν,
467 3201 518 3263 διδ
543 3204 630 3263 τοῦτο
657 3197 808 3281 προπετής
833 3202 918 3264 ἐστιν
944 3199 995 3263 ἐπὶ
1019 3197 1054 3262 rb
1078 3197 1236 3274 ὀνειδίζειν
1262 3194 1313 3260 καὶ
1341 3200 1437 3261 κακῶς

278 3301 382 3384 λέγειν
396 3302 475 3383 ἡμεῖς
489 3303 559 3368 τοὺς
572 3307 737 3382 βασιλεῖς,·

227 3436 264 3492 30
323 3418 396 3491 305.
420 3401 586 3493 ἀνστήτην]
604 3404 778 3483 ἀνέστησαν

321 3527 393 3593 309.
416 3504 546 3596 ἔκρινεν]
564 3508 786 3590 κατηρίθμησεν
801 3507 968 3589 ἐπελέξατο
984 3512 1049 3571 Α-

321 3632 394 3698 310.
418 3609 514 3701 βῆσε]
532 3613 726 3692 ἐπεβίβασεν
860 3607 1086 3699 καλλιπάρηον]
1106 3615 1248 3691 Δωρικῶς

321 3735 397 3801 311.
420 3712 520 3802 εῖσεν]
538 3715 680 3782 ἐκάθισεν
696 3720 760 3779 A:

321 3820 394 3904 316.
420 3813 609 3906 ἀτρυγέτοιο]
631 3823 684 3899 τῆς
699 3820 833 3902 δκάρπου
848 3817 866 3898 ἢ
883 3823 935 3899 τῆς
951 3817 1181 3897 άκαταπονήτου
1196 3815 1214 3897 ἢ
1231 3819 1285 3896 τῆς
1303 3816 1436 3899 ἐχούσης

227 3963 243 4019 3
247 3958 263 4018 5
279 3925 400 4004 πολλὴν
414 3924 507 4012 τρύγα
521 3923 588 4002 ἤτοι
602 3923 799 4003 ὑποστάθμην
813 3928 878 3986 Α-
962 4003 963 4006 ¹

322 4024 444 4114 317.,b'
474 4029 617 4108 σημαίνει
645 4032 681 4090 rb
711 4028 811 4106 λίπος,
841 4027 894 4091 τὸν
924 4027 1082 4102 ἐπίπλουν,
1113 4025 1148 4090 rb
1180 4024 1268 4107 κρέας
1299 4025 1348 4089 καὶ
1379 4024 1435 4103 τὴν

278 4132 490 4212 ἀναθυμίασιν,
507 4132 581 4213 άπερ
597 4136 650 4198 νῦν
664 4139 763 4213 φησιν
778 4137 841 4204 A÷

323 4255 396 4321 322.
419 4236 573 4318 δτρηρόςό
589 4236 719 4319 ἐνεργός,
730 4235 798 4315 ὁμὴ
816 4233 973 4316 ἀναμένων
987 4237 1229 4317 παροτρυνθῆναι
1244 4230 1326 4315 παρά
1341 4252 1434 4299 τινος·

279 4340 388 4425 γέγονε
407 4338 440 4404 δέ
455 4342 536 4423 παρά
558 4340 592 4404 rb
611 4339 684 4422 τρέω
707 4344 741 4403 rb
762 4343 911 4419 σημαῖνον
925 4339 960 4403 rb
983 4342 1140 4419 φοβοῦμαι
1159 4337 1255 4414 ὄνομα
1267 4337 1435 4419 ῥηματικὸν

225 4475 264 4527 40
280 4444 408 4526 τρεερός,
423 4443 462 4510 ὥς
477 4444 578 4524 φαίνω
599 4444 740 4525 φανερός,
756 4442 804 4507 καὶ
820 4445 894 4507 κατὰ
914 4447 1023 4524 κρῖισιν
1037 4447 1098 4506 τῶν
1113 4441 1166 4505 δύο
1184 4441 1217 4508 ἆ
1232 4440 1276 4506 είς
1290 4448 1309 4518 ἡ
1325 4439 1434 4521 τρηρός

727 4647 764 4696 15·
783 4632 977 4698 rupp1.Brklrer
