3000 5040
266 230 331 293 544
667 232 838 293 11111ον
863 234 901 293 n.
925 227 990 316 (16
999 227 1013 316 γ

314 415 385 483 227.
409 403 461 467 ὅτε
478 401 519 482 μη
537 402 590 466 Διὶ
606 395 712 488 πατρί]
730 402 757 466 εί
771 398 821 480 μή.
841 399 909 465 ἔστι
923 402 956 464 δέ
970 401 1145 485 ῥητορικὴν]
1162 400 1281 485 φράσις

313 506 384 571 228.
410 506 511 590 θεείιρ]
529 508 600 590 θείῳ
732 522 805 588 243.
830 503 849 584 ἤ
866 502 921 591 ῥα]
938 506 984 570 ότι
1000 507 1093 573 όντως

311 627 385 687 244.
409 604 451 697 εί]
468 607 540 688 “b”

311 714 382 792 264,
399 723 429 794 5.
453 712 577 796 ἔχοντες
592 713 719 792 πρόσσω
734 715 794 778 πῶς
809 706 946 799 πέτεται]
964 714 1163 794 καινοπρεπὲς
1178 712 1214 776 rb
1230 714 1344 795 σχῆμα

232 832 252 892 5
310 836 383 904 302.
408 812 501 904 έρωτῆ
518 814 659 895 ἀναβολή

310 939 383 1006 304
402 915 673 1008 <προπροπάδην>]
686 916 913 1002 ἠπειγμένοςύ]
929 925 982 985 rbv
997 922 1109 984 οἰκεῖον
1123 918 1241 1004 αύχένα
1257 916 1425 986 δεικνύντες

310 1040 383 1110 315.
408 1018 506 1111 μυῶν]
523 1022 702 1089 συνέλευσις
717 1028 778 1088 τῶν
793 1029 904 1104 νευρῶν

309 1146 383 1213 324.
407 1128 468 1192 &rb
492 1123 632 1215 μυόνων]
658 1127 718 1191 ἆπδ
743 1128 796 1204 τῆς
818 1127 991 1195 συνθέσεως
1013 1126 1136 1207 καὶτῆς
1159 1129 1346 1208 συμπλοκῆς
1368 1133 1424 1191 τῶν

266 1237 378 1314 νενρῶν

215 1355 252 1397 1ο
310 1353 382 1421 331.
406 1330 531 1421 κλόνον]
548 1333 726 1416 συστροφήν

309 1439 381 1525 338.
407 1434 589 1525 ἱπποκόμου]
606 1439 657 1515 τῆς
673 1440 853 1523 ίπποτρίχου

308 1561 382 1627 339.
406 1541 562 1625 ἐρραίσθη]
578 1540 736 1623 διεφθάρη,
753 1540 888 1620 ἐκλάσθη

307 1664 382 1729 34¹⁸
405 1641 574 1731 παρηέρθη]
592 1644 805 1726 ἁπεκίεμόσθ]
939 1658 1013 1729 347·
1038 1645 1170 1728 κέασσε]
1185 1644 1381 1710 συνέκλασεν

309 1768 382 1834 349.
404 1749 439 1813 rb
454 1744 502 1836 δέ]
520 1748 555 1812 τὸ
570 1750 645 1828 αῐμο

215 1870 251 1929 15
308 1852 381 1937 356.
405 1852 440 1916 rb
456 1850 663 1937 “έπέχραον”
680 1849 746 1916 ἀντὶ
762 1856 815 1915 τοῦ
834 1852 1074 1933 προσεπέλασαν
1088 1852 1156 1920 τοὺς
1179 1857 1301 1938 χρῶτας
1325 1853 1422 1916 αύτῶν

264 1958 294 2021 οί
313 1956 400 2020 λύκοι
415 1960 478 2022 τοῖς
500 1956 600 2039 χρωοὶ
614 1960 674 2019 τῶν
689 1955 796 2035 άρνῶν,
811 1953 878 2033 ἦτοι
894 1953 1090 2037 προσέμιξαν·
1121 1956 1149 2020 οἳ
1172 1958 1205 2020 δέ
1228 1961 1291 2020 τῶν
1305 1953 1422 2035 λέξεων

263 2060 481 2141 παραφρασταὶ
497 2064 531 2122 rb
548 2056 745 2142 “brimeu”
759 2056 825 2122 ἀντὶ
837 2063 889 2121 τοῦ
899 2057 1247 2141 έπῆλθονῇρμήνευσαν.
1272 2060 1299 2144 b.
1313 2058 1375 2123 ἆπδ
1389 2059 1422 2123 δέ

265 2162 392 2243 θέματος
418 2167 471 2226 τοῦ
496 2161 580 2246 χράω
607 2162 642 2226 rb
666 2160 868 2242 προσπελάζω
897 2164 914 2225 b
938 2161 1063 2242 μέλλων
1088 2161 1205 2246 χράσω,
1233 2165 1250 2226 ό
1277 2163 1422 2243 ἀόριστος

266 2267 388 2349 έχραον,
404 2266 439 2330 rb
461 2268 564 2347 τρίτον
578 2271 639 2332 τῶν
653 2270 864 2345 πληθυντικῶν
880 2266 991 2349 ἔχραον
1007 2267 1055 2331 καὶ
1074 2269 1152 2347 μετὰ
1166 2271 1220 2348 τῆς
1236 2268 1290 2331 έπί
1312 2265 1423 2349 προθέ-

213 2394 252 2433 20
265 2395 342 2437 σεως
357 2374 374 2404 “
386 2369 536 2453 ἐπέχραον
544 2369 562 2394 ”

308 2487 383 2559 359.
408 2469 517 2560 ἰδρείῃ]
534 2474 673 2558 έμπειρίρ
803 2472 877 2558 364.
903 2468 1077 2562 Ὀλύμπου]
1093 2478 1148 2538 τοῦ
1164 2477 1251 2557 ὅρους

309 2578 382 2663 365.
406 2574 540 2666 αἰθέρος]
557 2582 610 2641 τοῦ
628 2580 758 2658 καθαροῦ
774 2575 861 2658 ἀέρος

308 2695 382 2766 372.
408 2678 577 2770 σφεδονόν]
595 2682 748 2746 απεδανόν
881 2692 956 2765 375.
979 2677 1139 2770 τανύοντο]
1156 2684 1283 2764 ἔτρεχον

308 2803 383 2871 392.
407 2787 457 2850 ἐπὶ
483 2782 558 2874 Ικάρ]
586 2786 604 2848 ό
634 2787 718 2849 ἐστιν
744 2784 795 2849 ἐπὶ
819 2782 968 2866 κεφαλήν·
993 2784 1167 2869 κόρην<ον>
1192 2784 1251 2868 γάρ
1274 2786 1344 2848 ἔστι
1372 2786 1423 2849 καὶ

213 2907 250 2967 25
266 2891 342 2953 κατὰ
357 2889 516 2969 ἀποκοπὴν
531 2888 606 2970 κάρη
622 2889 672 2953 καὶ
687 2889 826 2976 ἀποκοπῇ
842 2886 936 2951 πάλιν
951 2894 1004 2951 τοῦ
1018 2899 1036 2968 ῆ
1052 2896 1074 2926 “
1087 2888 1167 2971 κάρ”
1183 2887 1250 2957 A÷

309 3005 384 3076 405.
406 2992 542 3076 γναθμὸν
557 2987 725 3078 δεξιτερόν]
742 2991 797 3071 τὴν
812 2989 916 3070 δεξιὰν
932 2993 1061 3073 σιαγόνα

307 3115 383 3174 410.
407 3094 470 3160 καδ’
487 3095 512 3159 δ’
528 3094 574 3177 ἄρ’
591 3093 642 3159 έπὶ
657 3093 743 3175 στόμ’
762 3091 854 3182 έωσε]
872 3093 1054 3177 κατέρριψεν

308 3218 381 3277 412.
405 3195 529 3287 άνδιχα]
547 3204 641 3283 διχῶς
771 3196 901 3280 κεάσθη]
918 3196 1053 3278 ἐκλάσθη

308 3321 383 3381 422.
408 3304 509 3388 (πόσε
532 3303 660 3386 φεύγετε
683 3307 736 3367 νῦν
748 3327 759 3376 ,·
783 3302 851 3364 θοαί
873 3296 984 3389 ἑστε>]
1000 3299 1019 3380 ἢ
1035 3303 1111 3366 ούτω
1127 3307 1210 3366 “νῦν
1232 3302 1303 3366 θοαί
1323 3301 1421 3366 ἔστε”

214 3431 253 3487 30
265 3405 333 3485 ἤτοι
348 3412 452 3491 ταχεῖς
469 3408 512 3474 είς
527 3407 561 3471 rb
576 3405 702 3489 φεύγειν

307 3525 381 3596 437.
406 3506 491 3597 θείω]
509 3508 681 3591 κατάθωμαι

308 3613 383 3697 456.
406 3609 608 3700 ταρχύσουσι]
629 3615 689 3678 ἀπὸ
705 3618 757 3677 τοῦ
771 3613 896 3697 τάριχος
910 3614 1051 3697 γίνεσθαι
1066 3615 1100 3678 έν
1114 3613 1295 3692 τεθνηκόσιν

309 3714 501 3806 κασίγνητοι]
519 3720 548 3782 οί
569 3722 736 3800 συγγενεῖς·
763 3718 823 3782 άπὸ
835 3721 893 3801 γὰρ
910 3717 1005 3802 (τῆς)
1024 3717 1157 3798 ἱστορίας
1178 3717 1315 3800 άδελφδς
1330 3717 1423 3782 αὐτοῦ

266 3819 324 3904 ούχ
339 3822 509 3903 εὑρίσκεται

214 3945 252 4005 35
309 3937 385 4008 459.
407 3919 537 4011 ψιάδας]
553 3925 675 4006 ῥανίδας
690 3923 804 3992 λεπτάς

309 4027 385 4105 468.
409 4026 539 4111 ἔβραχε]
554 4025 654 4112 ᾔχησε
785 4025 916 4117 άίσθων]
934 4026 1094 4094 ἀποπνέων
1109 4027 1176 4098 A÷

310 4145 386 4213 470.
409 4132 492 4213 κρίκε
507 4132 540 4194 δὲ
557 4126 644 4219 ζυγά]
661 4128 779 4215 ἤχησεν
794 4133 810 4195 ό
827 4133 913 4215 ζυγός
928 4132 998 4195 A:

309 4247 385 4317 542.
407 4230 519 4321 είρυτο]
537 4233 638 4316 ἐρύετο
768 4248 842 4318 545.
864 4237 1065 4320 ἆεικίσσωσι]
1078 4237 1250 4318 ύβρίσωσιν

266 4452 499 4585 ιστορχαύχριρῶοπέ
510 4459 586 4586 {⁷535
598 4453 819 4584 χρεδῖχξνιζιῇριί
830 4471 861 4504 ex
872 4454 914 4505 Ει.
927 4455 982 4506 M.:
1001 4453 1157 4517 σπευδανόνη
1176 4468 1215 4517 32.
1226 4452 1334 4518 πάροχος
1351 4460 1361 4515 ΙΙ
1382 4469 1423 4518 33.
