<?xml version="1.0" encoding="UTF-8"?>
<!DOCTYPE html PUBLIC "-//W3C//DTD XHTML 1.0 Transitional//EN"
    "http://www.w3.org/TR/xhtml1/DTD/xhtml1-transitional.dtd">
<html xmlns="http://www.w3.org/1999/xhtml" xml:lang="en" lang="en">
 <head>
  <title>
</title>
<meta http-equiv="Content-Type" content="text/html;charset=utf-8" />
  <meta name='ocr-system' content='tesseract 3.04.00' />
  <meta name='ocr-capabilities' content='ocr_page ocr_carea ocr_par ocr_line ocrx_word'/>
</head>
<body>
  <div class='ocr_page' id='page_1' title='image "./scholiagraecain00dindgoog_0537.png"; bbox 0 0 3000 5040; ppageno 0'>
   <div class='ocr_carea' id='block_1_1' title="bbox 209 196 941 317">
    <p class='ocr_par' dir='ltr' id='par_1_1' title="bbox 209 196 941 317">
     <span class='ocr_line' id='line_1_1' title="bbox 209 196 941 317; baseline -0.001 -23"><span class='ocrx_word' id='word_1_1' title='bbox 209 233 274 297; x_wconf 75' lang='grc' dir='ltr'>ουν</span> <span class='ocrx_word' id='word_1_2' title='bbox 630 196 801 295; x_wconf 52' lang='lat' dir='ltr'>mmo&amp;</span> <span class='ocrx_word' id='word_1_3' title='bbox 825 236 848 294; x_wconf 90' lang='lat'>1.</span> <span class='ocrx_word' id='word_1_4' title='bbox 871 229 941 317; x_wconf 85' lang='lat'>(9)</span> 
     </span>
    </p>
   </div>
   <div class='ocr_carea' id='block_1_2' title="bbox 154 397 1373 4317">
    <p class='ocr_par' dir='ltr' id='par_1_2' title="bbox 154 397 1373 4317">
     <span class='ocr_line' id='line_1_2' title="bbox 205 397 1364 487; baseline -0.009 -19"><span class='ocrx_word' id='word_1_5' title='bbox 205 403 307 487; x_wconf 86' lang='grc' dir='ltr'>Ἤρας</span> <span class='ocrx_word' id='word_1_6' title='bbox 322 403 437 485; x_wconf 98' lang='grc' dir='ltr'>τεμένει</span> <span class='ocrx_word' id='word_1_7' title='bbox 451 403 617 487; x_wconf 82' lang='grc' dir='ltr'>λεγόμενος</span> <span class='ocrx_word' id='word_1_8' title='bbox 633 408 823 468; x_wconf 82' lang='grc' dir='ltr'>καλλιστεῖα.</span> <span class='ocrx_word' id='word_1_9' title='bbox 844 401 910 481; x_wconf 76' lang='grc' dir='ltr'>ῆδέ</span> <span class='ocrx_word' id='word_1_10' title='bbox 920 399 1047 482; x_wconf 82' lang='grc' dir='ltr'>Λέσβος</span> <span class='ocrx_word' id='word_1_11' title='bbox 1062 400 1164 477; x_wconf 85' lang='grc' dir='ltr'>νῆσός</span> <span class='ocrx_word' id='word_1_12' title='bbox 1181 399 1274 481; x_wconf 73' lang='grc' dir='ltr'>ἐστιν</span> <span class='ocrx_word' id='word_1_13' title='bbox 1289 397 1364 482; x_wconf 69' lang='grc' dir='ltr'>έντῆ</span> 
     </span>
     <span class='ocr_line' id='line_1_3' title="bbox 212 498 1367 593; baseline -0.007 -21"><span class='ocrx_word' id='word_1_14' title='bbox 212 509 328 593; x_wconf 83' lang='grc' dir='ltr'>Αίγαίιρ</span> <span class='ocrx_word' id='word_1_15' title='bbox 354 505 484 589; x_wconf 76' lang='grc' dir='ltr'>πελάγει</span> <span class='ocrx_word' id='word_1_16' title='bbox 507 509 614 574; x_wconf 87' lang='grc' dir='ltr'>πόλεις</span> <span class='ocrx_word' id='word_1_17' title='bbox 640 508 756 591; x_wconf 85' lang='grc' dir='ltr'>έχουσα</span> <span class='ocrx_word' id='word_1_18' title='bbox 780 506 804 572; x_wconf 88' lang='grc' dir='ltr'>ε’</span> <span class='ocrx_word' id='word_1_19' title='bbox 821 505 993 571; x_wconf 76' lang='grc' dir='ltr'>Ἄντισσαν</span> <span class='ocrx_word' id='word_1_20' title='bbox 1011 504 1178 586; x_wconf 83' lang='grc' dir='ltr'>Ἔρεσσον</span> <span class='ocrx_word' id='word_1_21' title='bbox 1204 498 1367 578; x_wconf 73' lang='grc' dir='ltr'>Μήθυμναν</span> 
     </span>
     <span class='ocr_line' id='line_1_4' title="bbox 211 599 1095 694; baseline -0.002 -19"><span class='ocrx_word' id='word_1_22' title='bbox 211 613 335 694; x_wconf 80' lang='grc' dir='ltr'>Πύρραν</span> <span class='ocrx_word' id='word_1_23' title='bbox 347 609 525 690; x_wconf 81' lang='grc' dir='ltr'>Μιτυλήνην</span> <span class='ocrx_word' id='word_1_24' title='bbox 540 617 606 674; x_wconf 83' lang='lat' dir='ltr'>A:</span> <span class='ocrx_word' id='word_1_25' title='bbox 1079 599 1095 621; x_wconf 76' lang='lat'><strong><em>¹</em></strong></span> 
     </span>
     <span class='ocr_line' id='line_1_5' title="bbox 259 706 1294 802; baseline -0.009 -23"><span class='ocrx_word' id='word_1_26' title='bbox 259 734 329 800; x_wconf 83' lang='lat'>131.</span> <span class='ocrx_word' id='word_1_27' title='bbox 352 710 421 802; x_wconf 88' lang='grc' dir='ltr'>τάς]</span> <span class='ocrx_word' id='word_1_28' title='bbox 438 714 631 796; x_wconf 74' lang='grc' dir='ltr'>ἐπανάληψις</span> <span class='ocrx_word' id='word_1_29' title='bbox 765 728 835 795; x_wconf 87' lang='lat'><strong>145.</strong></span> <span class='ocrx_word' id='word_1_30' title='bbox 857 709 1006 800; x_wconf 78' lang='grc' dir='ltr'>Λαοδίκη]</span> <span class='ocrx_word' id='word_1_31' title='bbox 1022 709 1042 790; x_wconf 82' lang='grc' dir='ltr'>ή</span> <span class='ocrx_word' id='word_1_32' title='bbox 1059 712 1112 775; x_wconf 83' lang='grc' dir='ltr'>καὶ</span> <span class='ocrx_word' id='word_1_33' title='bbox 1125 706 1294 787; x_wconf 78' lang='grc' dir='ltr'>Ἠλέκτρα</span> 
     </span>
     <span class='ocr_line' id='line_1_6' title="bbox 178 814 838 906; baseline 0.002 -26"><span class='ocrx_word' id='word_1_34' title='bbox 178 835 197 896; x_wconf 86' lang='lat'>5</span> <span class='ocrx_word' id='word_1_35' title='bbox 352 814 554 906; x_wconf 79' lang='grc' dir='ltr'>Ἰφιάνασσα]</span> <span class='ocrx_word' id='word_1_36' title='bbox 571 816 589 895; x_wconf 84' lang='grc' dir='ltr'>ῆ</span> <span class='ocrx_word' id='word_1_37' title='bbox 607 818 656 881; x_wconf 83' lang='grc' dir='ltr'>καὶ</span> <span class='ocrx_word' id='word_1_38' title='bbox 670 816 838 899; x_wconf 85' lang='grc' dir='ltr'>Ἰφιγένεια</span> 
     </span>
     <span class='ocr_line' id='line_1_7' title="bbox 259 917 710 1009; baseline -0.002 -24"><span class='ocrx_word' id='word_1_39' title='bbox 259 923 330 1000; x_wconf 88' lang='grc'><strong>146.</strong></span> <span class='ocrx_word' id='word_1_40' title='bbox 353 917 512 1009; x_wconf 76' lang='grc' dir='ltr'>ἀνάεδνον]</span> <span class='ocrx_word' id='word_1_41' title='bbox 529 923 601 986; x_wconf 88' lang='grc' dir='ltr'>άνευ</span> <span class='ocrx_word' id='word_1_42' title='bbox 617 922 710 986; x_wconf 81' lang='grc' dir='ltr'>ἕδνων</span> 
     </span>
     <span class='ocr_line' id='line_1_8' title="bbox 352 1019 1365 1107; baseline -0.004 -19"><span class='ocrx_word' id='word_1_43' title='bbox 352 1024 424 1088; x_wconf 88' lang='grc' dir='ltr'>έδνα</span> <span class='ocrx_word' id='word_1_44' title='bbox 439 1024 476 1088; x_wconf 80' lang='grc' dir='ltr'>τὰ</span> <span class='ocrx_word' id='word_1_45' title='bbox 492 1025 552 1089; x_wconf 82' lang='grc' dir='ltr'>ἀπὸ</span> <span class='ocrx_word' id='word_1_46' title='bbox 566 1030 619 1088; x_wconf 80' lang='grc' dir='ltr'>τοῦ</span> <span class='ocrx_word' id='word_1_47' title='bbox 632 1024 741 1106; x_wconf 77' lang='grc' dir='ltr'>ἀνδρὸς</span> <span class='ocrx_word' id='word_1_48' title='bbox 756 1024 918 1105; x_wconf 87' lang='grc' dir='ltr'>φερόμενα,</span> <span class='ocrx_word' id='word_1_49' title='bbox 930 1022 1007 1107; x_wconf 81' lang='grc' dir='ltr'>(οὗ)</span> <span class='ocrx_word' id='word_1_50' title='bbox 1018 1026 1057 1086; x_wconf 74' lang='grc' dir='ltr'>τά</span> <span class='ocrx_word' id='word_1_51' title='bbox 1071 1021 1136 1087; x_wconf 80' lang='grc' dir='ltr'>άπὸ</span> <span class='ocrx_word' id='word_1_52' title='bbox 1150 1024 1210 1100; x_wconf 89' lang='grc' dir='ltr'>τῆς</span> <span class='ocrx_word' id='word_1_53' title='bbox 1225 1019 1365 1101; x_wconf 85' lang='grc' dir='ltr'>γυναικός</span> 
     </span>
     <span class='ocr_line' id='line_1_9' title="bbox 258 1119 1371 1214; baseline -0.007 -22"><span class='ocrx_word' id='word_1_54' title='bbox 258 1145 329 1210; x_wconf 91' lang='lat'>147.</span> <span class='ocrx_word' id='word_1_55' title='bbox 351 1122 469 1214; x_wconf 91' lang='grc' dir='ltr'>μείλια]</span> <span class='ocrx_word' id='word_1_56' title='bbox 496 1129 732 1207; x_wconf 82' lang='grc' dir='ltr'>έκμειλίσσοντα</span> <span class='ocrx_word' id='word_1_57' title='bbox 754 1126 823 1193; x_wconf 83' lang='grc' dir='ltr'>τοὺς</span> <span class='ocrx_word' id='word_1_58' title='bbox 849 1128 967 1209; x_wconf 84' lang='grc' dir='ltr'>ἄνδρας.</span> <span class='ocrx_word' id='word_1_59' title='bbox 998 1126 1055 1207; x_wconf 78' lang='grc' dir='ltr'>τῆν</span> <span class='ocrx_word' id='word_1_60' title='bbox 1077 1129 1196 1207; x_wconf 85' lang='grc' dir='ltr'>προῖκα</span> <span class='ocrx_word' id='word_1_61' title='bbox 1223 1123 1259 1186; x_wconf 74' lang='grc' dir='ltr'>δὲ</span> <span class='ocrx_word' id='word_1_62' title='bbox 1289 1119 1371 1203; x_wconf 85' lang='grc' dir='ltr'>λέγει</span> 
     </span>
     <span class='ocr_line' id='line_1_10' title="bbox 154 1226 892 1314; baseline 0.003 -16"><span class='ocrx_word' id='word_1_63' title='bbox 154 1226 165 1245; x_wconf 80' lang='lat'><em>⁰</em></span> <span class='ocrx_word' id='word_1_64' title='bbox 212 1232 268 1313; x_wconf 85' lang='grc' dir='ltr'>τῆν</span> <span class='ocrx_word' id='word_1_65' title='bbox 282 1229 375 1312; x_wconf 78' lang='grc' dir='ltr'>ἡδέως</span> <span class='ocrx_word' id='word_1_66' title='bbox 390 1232 598 1309; x_wconf 85' lang='grc' dir='ltr'>διατιθεμένην</span> <span class='ocrx_word' id='word_1_67' title='bbox 614 1231 689 1296; x_wconf 82' lang='grc' dir='ltr'>κατὰ</span> <span class='ocrx_word' id='word_1_68' title='bbox 704 1229 811 1314; x_wconf 75' lang='grc' dir='ltr'>ψυχήν</span> <span class='ocrx_word' id='word_1_69' title='bbox 825 1231 892 1300; x_wconf 64' lang='grc' dir='ltr'>Απ</span> 
     </span>
     <span class='ocr_line' id='line_1_11' title="bbox 162 1330 754 1422; baseline 0.002 -22"><span class='ocrx_word' id='word_1_70' title='bbox 162 1361 199 1401; x_wconf 88' lang='lat'>10</span> <span class='ocrx_word' id='word_1_71' title='bbox 259 1348 330 1419; x_wconf 89' lang='grc'><strong>153.</strong></span> <span class='ocrx_word' id='word_1_72' title='bbox 352 1330 551 1422; x_wconf 84' lang='grc' dir='ltr'>ἠμαθόεντος]</span> <span class='ocrx_word' id='word_1_73' title='bbox 568 1336 754 1417; x_wconf 73' lang='grc' dir='ltr'>ψαμμώδους</span> 
     </span>
     <span class='ocr_line' id='line_1_12' title="bbox 260 1430 1373 1526; baseline -0.004 -25"><span class='ocrx_word' id='word_1_74' title='bbox 260 1440 330 1520; x_wconf 88' lang='grc'><strong>156.</strong></span> <span class='ocrx_word' id='word_1_75' title='bbox 352 1435 500 1526; x_wconf 90' lang='grc' dir='ltr'>λιπαράς]</span> <span class='ocrx_word' id='word_1_76' title='bbox 533 1438 760 1518; x_wconf 85' lang='grc' dir='ltr'>λιπαροποιοθς·</span> <span class='ocrx_word' id='word_1_77' title='bbox 799 1438 847 1501; x_wconf 82' lang='grc' dir='ltr'>καὶ</span> <span class='ocrx_word' id='word_1_78' title='bbox 880 1435 1027 1502; x_wconf 65' lang='grc' dir='ltr'>Ἠσίοδος</span> <span class='ocrx_word' id='word_1_79' title='bbox 1056 1434 1156 1521; x_wconf 88' lang='lat' dir='ltr'><strong>(opp.</strong></span> <span class='ocrx_word' id='word_1_80' title='bbox 1192 1431 1275 1516; x_wconf 79' lang='lat'>227)</span> <span class='ocrx_word' id='word_1_81' title='bbox 1307 1430 1373 1514; x_wconf 80' lang='grc' dir='ltr'>περὶ</span> 
     </span>
     <span class='ocr_line' id='line_1_13' title="bbox 212 1537 1134 1626; baseline -0.002 -19"><span class='ocrx_word' id='word_1_82' title='bbox 212 1546 305 1622; x_wconf 87' lang='grc' dir='ltr'>τῆσδε</span> <span class='ocrx_word' id='word_1_83' title='bbox 322 1548 342 1579; x_wconf 91' lang='lat'><strong>“</strong></span> <span class='ocrx_word' id='word_1_84' title='bbox 350 1546 430 1605; x_wconf 85' lang='grc' dir='ltr'>τοῖσι</span> <span class='ocrx_word' id='word_1_85' title='bbox 450 1540 559 1620; x_wconf 81' lang='grc' dir='ltr'>τέθηλε</span> <span class='ocrx_word' id='word_1_86' title='bbox 575 1543 674 1618; x_wconf 86' lang='grc' dir='ltr'>πόλις,</span> <span class='ocrx_word' id='word_1_87' title='bbox 691 1539 762 1605; x_wconf 79' lang='grc' dir='ltr'>λαοὶ</span> <span class='ocrx_word' id='word_1_88' title='bbox 777 1537 803 1605; x_wconf 90' lang='grc' dir='ltr'>δ’</span> <span class='ocrx_word' id='word_1_89' title='bbox 822 1542 967 1606; x_wconf 82' lang='grc' dir='ltr'>άνθοῦσιν</span> <span class='ocrx_word' id='word_1_90' title='bbox 982 1541 1016 1606; x_wconf 83' lang='grc' dir='ltr'>έν</span> <span class='ocrx_word' id='word_1_91' title='bbox 1030 1538 1104 1626; x_wconf 73' lang='grc' dir='ltr'>αὐτῇ</span> <span class='ocrx_word' id='word_1_92' title='bbox 1115 1539 1134 1563; x_wconf 91' lang='grc'>”</span> 
     </span>
     <span class='ocr_line' id='line_1_14' title="bbox 259 1640 664 1732; baseline 0.005 -22"><span class='ocrx_word' id='word_1_93' title='bbox 259 1658 329 1731; x_wconf 89' lang='grc'><strong>159.</strong></span> <span class='ocrx_word' id='word_1_94' title='bbox 354 1640 512 1732; x_wconf 87' lang='grc' dir='ltr'>ἔχθιστος]</span> <span class='ocrx_word' id='word_1_95' title='bbox 529 1643 664 1724; x_wconf 76' lang='grc' dir='ltr'>ὁἋιδης</span> 
     </span>
     <span class='ocr_line' id='line_1_15' title="bbox 260 1743 1373 1835; baseline -0.004 -23"><span class='ocrx_word' id='word_1_96' title='bbox 260 1765 331 1831; x_wconf 86' lang='grc'><strong>171.</strong></span> <span class='ocrx_word' id='word_1_97' title='bbox 356 1744 546 1835; x_wconf 82' lang='grc' dir='ltr'>εὖφημῆσαι]</span> <span class='ocrx_word' id='word_1_98' title='bbox 570 1749 706 1829; x_wconf 81' lang='grc' dir='ltr'>εὔφημον</span> <span class='ocrx_word' id='word_1_99' title='bbox 732 1749 782 1812; x_wconf 84' lang='grc' dir='ltr'>καὶ</span> <span class='ocrx_word' id='word_1_100' title='bbox 805 1747 948 1811; x_wconf 78' lang='grc' dir='ltr'>εὔτακτον</span> <span class='ocrx_word' id='word_1_101' title='bbox 974 1743 1179 1829; x_wconf 82' lang='grc' dir='ltr'>φθέγξασθαι·</span> <span class='ocrx_word' id='word_1_102' title='bbox 1212 1744 1286 1809; x_wconf 72' lang='grc' dir='ltr'>οὐδὲ</span> <span class='ocrx_word' id='word_1_103' title='bbox 1316 1745 1373 1825; x_wconf 74' lang='grc' dir='ltr'>γάρ</span> 
     </span>
     <span class='ocr_line' id='line_1_16' title="bbox 163 1849 904 1935; baseline -0.008 -17"><span class='ocrx_word' id='word_1_104' title='bbox 163 1874 199 1935; x_wconf 84' lang='grc'>15</span> <span class='ocrx_word' id='word_1_105' title='bbox 214 1854 264 1918; x_wconf 78' lang='grc' dir='ltr'>ἐπὶ</span> <span class='ocrx_word' id='word_1_106' title='bbox 278 1858 331 1918; x_wconf 82' lang='grc' dir='ltr'>τοῦ</span> <span class='ocrx_word' id='word_1_107' title='bbox 346 1854 478 1932; x_wconf 77' lang='grc' dir='ltr'>ὑμνῆσαι</span> <span class='ocrx_word' id='word_1_108' title='bbox 493 1853 611 1932; x_wconf 79' lang='grc' dir='ltr'>εὕρηται</span> <span class='ocrx_word' id='word_1_109' title='bbox 628 1851 709 1933; x_wconf 81' lang='grc' dir='ltr'>παρὰ</span> <span class='ocrx_word' id='word_1_110' title='bbox 724 1852 765 1935; x_wconf 73' lang='grc' dir='ltr'>τῷ</span> <span class='ocrx_word' id='word_1_111' title='bbox 780 1849 904 1935; x_wconf 74' lang='grc' dir='ltr'>Ὁμήρῳ</span> 
     </span>
     <span class='ocr_line' id='line_1_17' title="bbox 261 1950 1320 2042; baseline -0.005 -23"><span class='ocrx_word' id='word_1_112' title='bbox 261 1958 332 2020; x_wconf 92' lang='grc'><strong>180.</strong></span> <span class='ocrx_word' id='word_1_113' title='bbox 355 1957 521 2020; x_wconf 83' lang='grc' dir='ltr'>δενδίλλων</span> <span class='ocrx_word' id='word_1_114' title='bbox 537 1958 568 2021; x_wconf 77' lang='grc' dir='ltr'>ἐς</span> <span class='ocrx_word' id='word_1_115' title='bbox 583 1950 727 2042; x_wconf 75' lang='grc' dir='ltr'>ἕκαστον]</span> <span class='ocrx_word' id='word_1_116' title='bbox 744 1959 834 2018; x_wconf 81' lang='grc' dir='ltr'>δινῶν</span> <span class='ocrx_word' id='word_1_117' title='bbox 848 1953 917 2020; x_wconf 82' lang='grc' dir='ltr'>τοὺς</span> <span class='ocrx_word' id='word_1_118' title='bbox 932 1954 1037 2019; x_wconf 82' lang='grc' dir='ltr'>ίλλους</span> <span class='ocrx_word' id='word_1_119' title='bbox 1052 1953 1096 2018; x_wconf 84' lang='grc' dir='ltr'>είς</span> <span class='ocrx_word' id='word_1_120' title='bbox 1112 1952 1167 2016; x_wconf 75' lang='grc' dir='ltr'>ἕνα</span> <span class='ocrx_word' id='word_1_121' title='bbox 1183 1951 1320 2016; x_wconf 77' lang='grc' dir='ltr'>ἕκαστον</span> 
     </span>
     <span class='ocr_line' id='line_1_18' title="bbox 259 2053 646 2145; baseline -0.005 -22"><span class='ocrx_word' id='word_1_122' title='bbox 259 2060 331 2124; x_wconf 91' lang='grc'><strong>181.</strong></span> <span class='ocrx_word' id='word_1_123' title='bbox 355 2053 477 2145; x_wconf 79' lang='grc' dir='ltr'>πειρᾶν]</span> <span class='ocrx_word' id='word_1_124' title='bbox 494 2057 646 2139; x_wconf 79' lang='grc' dir='ltr'>πειράζειν</span> 
     </span>
     <span class='ocr_line' id='line_1_19' title="bbox 260 2157 1370 2244; baseline -0.003 -19"><span class='ocrx_word' id='word_1_125' title='bbox 260 2163 332 2242; x_wconf 88' lang='grc'><strong>187.</strong></span> <span class='ocrx_word' id='word_1_126' title='bbox 356 2168 377 2199; x_wconf 83' lang='grc'><strong>“</strong></span> <span class='ocrx_word' id='word_1_127' title='bbox 390 2162 478 2244; x_wconf 77' lang='grc' dir='ltr'>ζυγόν</span> <span class='ocrx_word' id='word_1_128' title='bbox 486 2160 504 2185; x_wconf 86' lang='grc'>”</span> <span class='ocrx_word' id='word_1_129' title='bbox 521 2167 574 2226; x_wconf 85' lang='grc' dir='ltr'>τὸν</span> <span class='ocrx_word' id='word_1_130' title='bbox 590 2165 690 2243; x_wconf 85' lang='grc' dir='ltr'>πῆχυν</span> <span class='ocrx_word' id='word_1_131' title='bbox 711 2165 765 2240; x_wconf 90' lang='grc' dir='ltr'>τῆς</span> <span class='ocrx_word' id='word_1_132' title='bbox 786 2159 917 2239; x_wconf 80' lang='grc' dir='ltr'>κιθάρας,</span> <span class='ocrx_word' id='word_1_133' title='bbox 937 2157 1127 2244; x_wconf 77' lang='grc' dir='ltr'>φέγκεινται</span> <span class='ocrx_word' id='word_1_134' title='bbox 1150 2161 1181 2222; x_wconf 80' lang='grc' dir='ltr'>οἱ</span> <span class='ocrx_word' id='word_1_135' title='bbox 1204 2157 1370 2241; x_wconf 86' lang='grc' dir='ltr'>κόλ&lt;λ&gt;α-</span> 
     </span>
     <span class='ocr_line' id='line_1_20' title="bbox 214 2261 1369 2348; baseline -0.004 -19"><span class='ocrx_word' id='word_1_136' title='bbox 214 2272 279 2344; x_wconf 85' lang='grc' dir='ltr'>βαι·</span> <span class='ocrx_word' id='word_1_137' title='bbox 302 2267 378 2329; x_wconf 75' lang='grc' dir='ltr'>οὕτω</span> <span class='ocrx_word' id='word_1_138' title='bbox 393 2266 426 2329; x_wconf 71' lang='grc' dir='ltr'>δὲ</span> <span class='ocrx_word' id='word_1_139' title='bbox 443 2263 586 2348; x_wconf 78' lang='grc' dir='ltr'>λέγονται</span> <span class='ocrx_word' id='word_1_140' title='bbox 609 2267 639 2328; x_wconf 80' lang='grc' dir='ltr'>οἱ</span> <span class='ocrx_word' id='word_1_141' title='bbox 657 2263 826 2341; x_wconf 87' lang='grc' dir='ltr'>πάσσαλοι,</span> <span class='ocrx_word' id='word_1_142' title='bbox 843 2266 885 2328; x_wconf 80' lang='grc' dir='ltr'>ὧν</span> <span class='ocrx_word' id='word_1_143' title='bbox 905 2261 1085 2342; x_wconf 78' lang='grc' dir='ltr'>ἑξάπτονται</span> <span class='ocrx_word' id='word_1_144' title='bbox 1105 2263 1138 2326; x_wconf 70' lang='grc' dir='ltr'>αἱ</span> <span class='ocrx_word' id='word_1_145' title='bbox 1153 2262 1274 2344; x_wconf 86' lang='grc' dir='ltr'>χορδαί,</span> <span class='ocrx_word' id='word_1_146' title='bbox 1289 2262 1369 2342; x_wconf 81' lang='grc' dir='ltr'>παρὰ</span> 
     </span>
     <span class='ocr_line' id='line_1_21' title="bbox 162 2368 554 2445; baseline -0.008 -10"><span class='ocrx_word' id='word_1_147' title='bbox 162 2396 202 2435; x_wconf 87' lang='lat'>20</span> <span class='ocrx_word' id='word_1_148' title='bbox 215 2368 249 2432; x_wconf 86' lang='grc' dir='ltr'>τὸ</span> <span class='ocrx_word' id='word_1_149' title='bbox 269 2370 473 2445; x_wconf 87' lang='grc' dir='ltr'>κεκολλῆσθαι</span> <span class='ocrx_word' id='word_1_150' title='bbox 490 2374 554 2431; x_wconf 81' lang='lat' dir='ltr'>A:</span> 
     </span>
     <span class='ocr_line' id='line_1_22' title="bbox 261 2466 868 2558; baseline -0.002 -23"><span class='ocrx_word' id='word_1_151' title='bbox 261 2491 332 2555; x_wconf 91' lang='grc'><strong>199.</strong></span> <span class='ocrx_word' id='word_1_152' title='bbox 355 2466 505 2558; x_wconf 91' lang='grc' dir='ltr'>προτέρω]</span> <span class='ocrx_word' id='word_1_153' title='bbox 523 2474 566 2538; x_wconf 76' lang='grc' dir='ltr'>εἰς</span> <span class='ocrx_word' id='word_1_154' title='bbox 581 2471 790 2553; x_wconf 79' lang='grc' dir='ltr'>τοῦμπροσθεν</span> <span class='ocrx_word' id='word_1_155' title='bbox 806 2477 868 2541; x_wconf 79' lang='lat' dir='ltr'>A÷</span> 
     </span>
     <span class='ocr_line' id='line_1_23' title="bbox 260 2572 1000 2663; baseline 0.004 -22"><span class='ocrx_word' id='word_1_156' title='bbox 260 2576 333 2641; x_wconf 85' lang='lat'>206.</span> <span class='ocrx_word' id='word_1_157' title='bbox 358 2572 517 2663; x_wconf 86' lang='grc' dir='ltr'>&lt;κρεῖον&gt;]</span> <span class='ocrx_word' id='word_1_158' title='bbox 534 2574 601 2653; x_wconf 88' lang='grc' dir='ltr'>ήτοι</span> <span class='ocrx_word' id='word_1_159' title='bbox 617 2577 787 2658; x_wconf 88' lang='grc' dir='ltr'>κρεωδόχον</span> <span class='ocrx_word' id='word_1_160' title='bbox 802 2577 926 2658; x_wconf 79' lang='grc' dir='ltr'>άγγεῖον</span> <span class='ocrx_word' id='word_1_161' title='bbox 937 2578 963 2638; x_wconf 84' lang='grc' dir='ltr'>Α</span> <span class='ocrx_word' id='word_1_162' title='bbox 973 2588 1000 2644; x_wconf 90' lang='grc' dir='ltr'>·Ι·</span> 
     </span>
     <span class='ocr_line' id='line_1_24' title="bbox 356 2676 859 2767; baseline -0.002 -24"><span class='ocrx_word' id='word_1_163' title='bbox 356 2679 448 2762; x_wconf 85' lang='grc' dir='ltr'>πυρὸς</span> <span class='ocrx_word' id='word_1_164' title='bbox 466 2676 557 2767; x_wconf 79' lang='grc' dir='ltr'>αιἰγῇ]</span> <span class='ocrx_word' id='word_1_165' title='bbox 574 2681 615 2764; x_wconf 73' lang='grc' dir='ltr'>τῷ</span> <span class='ocrx_word' id='word_1_166' title='bbox 631 2680 701 2760; x_wconf 88' lang='grc' dir='ltr'>πυρὶ</span> <span class='ocrx_word' id='word_1_167' title='bbox 715 2679 859 2758; x_wconf 87' lang='grc' dir='ltr'>δηλονότι</span> 
     </span>
     <span class='ocr_line' id='line_1_25' title="bbox 260 2777 1237 2870; baseline -0.001 -21"><span class='ocrx_word' id='word_1_168' title='bbox 260 2783 334 2849; x_wconf 94' lang='grc'><strong>208.</strong></span> <span class='ocrx_word' id='word_1_169' title='bbox 357 2778 490 2870; x_wconf 83' lang='grc' dir='ltr'>άλοιφῆ]</span> <span class='ocrx_word' id='word_1_170' title='bbox 506 2783 547 2867; x_wconf 74' lang='grc' dir='ltr'>τῷ</span> <span class='ocrx_word' id='word_1_171' title='bbox 563 2784 649 2847; x_wconf 80' lang='grc' dir='ltr'>λίπει</span> <span class='ocrx_word' id='word_1_172' title='bbox 737 2801 810 2866; x_wconf 84' lang='grc'><strong>213.</strong></span> <span class='ocrx_word' id='word_1_173' title='bbox 834 2777 999 2868; x_wconf 79' lang='grc' dir='ltr'>στορέσας]</span> <span class='ocrx_word' id='word_1_174' title='bbox 1018 2783 1237 2864; x_wconf 90' lang='grc' dir='ltr'>καταστρώσας</span> 
     </span>
     <span class='ocr_line' id='line_1_26' title="bbox 164 2885 1368 2967; baseline 0.002 -18"><span class='ocrx_word' id='word_1_175' title='bbox 164 2907 202 2966; x_wconf 83' lang='grc'><strong>25</strong></span> <span class='ocrx_word' id='word_1_176' title='bbox 261 2904 334 2965; x_wconf 90' lang='grc'><strong>214.</strong></span> <span class='ocrx_word' id='word_1_177' title='bbox 358 2887 426 2951; x_wconf 90' lang='grc' dir='ltr'>έθος</span> <span class='ocrx_word' id='word_1_178' title='bbox 447 2891 535 2948; x_wconf 80' lang='grc' dir='ltr'>τοῦτο</span> <span class='ocrx_word' id='word_1_179' title='bbox 555 2890 619 2951; x_wconf 83' lang='grc' dir='ltr'>τοῖς</span> <span class='ocrx_word' id='word_1_180' title='bbox 639 2886 844 2967; x_wconf 89' lang='grc' dir='ltr'>στρατιώταις,</span> <span class='ocrx_word' id='word_1_181' title='bbox 866 2887 943 2949; x_wconf 81' lang='grc' dir='ltr'>έπᾶν</span> <span class='ocrx_word' id='word_1_182' title='bbox 959 2886 1045 2948; x_wconf 86' lang='grc' dir='ltr'>ίδωσι</span> <span class='ocrx_word' id='word_1_183' title='bbox 1065 2885 1295 2966; x_wconf 90' lang='grc' dir='ltr'>θερμανθέντων</span> <span class='ocrx_word' id='word_1_184' title='bbox 1309 2893 1368 2951; x_wconf 79' lang='grc' dir='ltr'>τόν</span> 
     </span>
     <span class='ocr_line' id='line_1_27' title="bbox 217 2988 1367 3071; baseline -0.003 -16"><span class='ocrx_word' id='word_1_185' title='bbox 217 2997 311 3071; x_wconf 83' lang='grc' dir='ltr'>κρεῶν</span> <span class='ocrx_word' id='word_1_186' title='bbox 326 2989 423 3069; x_wconf 77' lang='grc' dir='ltr'>ζωμὸν</span> <span class='ocrx_word' id='word_1_187' title='bbox 439 2990 646 3068; x_wconf 84' lang='grc' dir='ltr'>άναπηδῶντα,</span> <span class='ocrx_word' id='word_1_188' title='bbox 661 2994 822 3068; x_wconf 80' lang='grc' dir='ltr'>τηνικαῦτα</span> <span class='ocrx_word' id='word_1_189' title='bbox 842 2990 937 3069; x_wconf 76' lang='grc' dir='ltr'>αἴρειν</span> <span class='ocrx_word' id='word_1_190' title='bbox 952 2988 986 3052; x_wconf 86' lang='grc' dir='ltr'>τὸ</span> <span class='ocrx_word' id='word_1_191' title='bbox 1007 2988 1184 3067; x_wconf 81' lang='grc' dir='ltr'>ὀπτώμενον</span> <span class='ocrx_word' id='word_1_192' title='bbox 1203 2989 1254 3053; x_wconf 78' lang='grc' dir='ltr'>καὶ</span> <span class='ocrx_word' id='word_1_193' title='bbox 1277 2989 1367 3053; x_wconf 83' lang='grc' dir='ltr'>άλατι</span> 
     </span>
     <span class='ocr_line' id='line_1_28' title="bbox 216 3091 1367 3174; baseline 0.001 -17"><span class='ocrx_word' id='word_1_194' title='bbox 216 3092 410 3166; x_wconf 81' lang='grc' dir='ltr'>έπιπάσσειν,</span> <span class='ocrx_word' id='word_1_195' title='bbox 426 3095 476 3158; x_wconf 78' lang='grc' dir='ltr'>ἵνα</span> <span class='ocrx_word' id='word_1_196' title='bbox 492 3095 508 3155; x_wconf 85' lang='grc' dir='ltr'>ὁ</span> <span class='ocrx_word' id='word_1_197' title='bbox 528 3093 622 3172; x_wconf 82' lang='grc' dir='ltr'>ζωμὸς</span> <span class='ocrx_word' id='word_1_198' title='bbox 645 3094 730 3158; x_wconf 85' lang='grc' dir='ltr'>έντδς</span> <span class='ocrx_word' id='word_1_199' title='bbox 745 3091 909 3174; x_wconf 85' lang='grc' dir='ltr'>κατέχηται</span> <span class='ocrx_word' id='word_1_200' title='bbox 924 3091 1097 3170; x_wconf 85' lang='grc' dir='ltr'>θπτώμενος</span> <span class='ocrx_word' id='word_1_201' title='bbox 1112 3091 1171 3156; x_wconf 76' lang='grc' dir='ltr'>ὑπὸ</span> <span class='ocrx_word' id='word_1_202' title='bbox 1184 3096 1240 3155; x_wconf 81' lang='grc' dir='ltr'>τοῦ</span> <span class='ocrx_word' id='word_1_203' title='bbox 1255 3091 1367 3158; x_wconf 88' lang='grc' dir='ltr'>άλατος</span> 
     </span>
     <span class='ocr_line' id='line_1_29' title="bbox 358 3191 859 3282; baseline 0.008 -23"><span class='ocrx_word' id='word_1_204' title='bbox 358 3191 558 3282; x_wconf 84' lang='grc' dir='ltr'>κρατευτάων]</span> <span class='ocrx_word' id='word_1_205' title='bbox 575 3194 593 3274; x_wconf 87' lang='grc' dir='ltr'>ῆ</span> <span class='ocrx_word' id='word_1_206' title='bbox 609 3201 668 3258; x_wconf 79' lang='grc' dir='ltr'>τῶν</span> <span class='ocrx_word' id='word_1_207' title='bbox 682 3197 780 3260; x_wconf 88' lang='grc' dir='ltr'>λίθων</span> <span class='ocrx_word' id='word_1_208' title='bbox 795 3200 859 3263; x_wconf 89' lang='grc' dir='ltr'>Α-Ι-</span> 
     </span>
     <span class='ocr_line' id='line_1_30' title="bbox 260 3295 991 3386; baseline -0.004 -23"><span class='ocrx_word' id='word_1_209' title='bbox 260 3314 334 3380; x_wconf 88' lang='grc'><strong>215.</strong></span> <span class='ocrx_word' id='word_1_210' title='bbox 357 3295 506 3386; x_wconf 77' lang='grc' dir='ltr'>ἐλεοῖσιν]</span> <span class='ocrx_word' id='word_1_211' title='bbox 523 3303 710 3380; x_wconf 80' lang='grc' dir='ltr'>μαγειρικοῖς</span> <span class='ocrx_word' id='word_1_212' title='bbox 727 3297 887 3379; x_wconf 83' lang='grc' dir='ltr'>τραπέζαις</span> <span class='ocrx_word' id='word_1_213' title='bbox 904 3303 991 3368; x_wconf 83' lang='lat' dir='ltr'>Ass÷</span> 
     </span>
     <span class='ocr_line' id='line_1_31' title="bbox 164 3397 1367 3488; baseline -0.002 -21"><span class='ocrx_word' id='word_1_214' title='bbox 164 3429 203 3484; x_wconf 81' lang='lat'>30</span> <span class='ocrx_word' id='word_1_215' title='bbox 261 3420 335 3480; x_wconf 89' lang='lat'>241.</span> <span class='ocrx_word' id='word_1_216' title='bbox 361 3397 544 3488; x_wconf 86' lang='grc' dir='ltr'>&lt;στεΰται&gt;]</span> <span class='ocrx_word' id='word_1_217' title='bbox 567 3404 648 3482; x_wconf 74' lang='grc' dir='ltr'>παρὰ</span> <span class='ocrx_word' id='word_1_218' title='bbox 667 3402 702 3464; x_wconf 87' lang='grc' dir='ltr'>τὸ</span> <span class='ocrx_word' id='word_1_219' title='bbox 725 3404 845 3479; x_wconf 91' lang='grc' dir='ltr'>στῆθος,</span> <span class='ocrx_word' id='word_1_220' title='bbox 863 3403 929 3465; x_wconf 75' lang='grc' dir='ltr'>οἷον</span> <span class='ocrx_word' id='word_1_221' title='bbox 951 3404 985 3466; x_wconf 82' lang='grc' dir='ltr'>έν</span> <span class='ocrx_word' id='word_1_222' title='bbox 1002 3406 1065 3468; x_wconf 77' lang='grc' dir='ltr'>τοῖς</span> <span class='ocrx_word' id='word_1_223' title='bbox 1088 3400 1219 3480; x_wconf 87' lang='grc' dir='ltr'>στήθεσι</span> <span class='ocrx_word' id='word_1_224' title='bbox 1240 3406 1367 3467; x_wconf 85' lang='grc' dir='ltr'>διανοεῖ·</span> 
     </span>
     <span class='ocr_line' id='line_1_32' title="bbox 156 3502 1365 3586; baseline 0.002 -18"><span class='ocrx_word' id='word_1_225' title='bbox 156 3554 158 3558; x_wconf 57' lang='grc'><strong>.</strong></span> <span class='ocrx_word' id='word_1_226' title='bbox 216 3507 372 3569; x_wconf 87' lang='grc' dir='ltr'>ται-έκεῖ</span> <span class='ocrx_word' id='word_1_227' title='bbox 392 3507 450 3586; x_wconf 76' lang='grc' dir='ltr'>γὰρ</span> <span class='ocrx_word' id='word_1_228' title='bbox 468 3510 503 3566; x_wconf 87' lang='grc' dir='ltr'>τὸ</span> <span class='ocrx_word' id='word_1_229' title='bbox 525 3505 711 3584; x_wconf 85' lang='grc' dir='ltr'>λογιστικόν,</span> <span class='ocrx_word' id='word_1_230' title='bbox 726 3505 767 3570; x_wconf 87' lang='grc' dir='ltr'>ώς</span> <span class='ocrx_word' id='word_1_231' title='bbox 785 3512 884 3585; x_wconf 90' lang='grc' dir='ltr'>φησιν</span> <span class='ocrx_word' id='word_1_232' title='bbox 899 3505 985 3571; x_wconf 81' lang='grc' dir='ltr'>οὗτος</span> <span class='ocrx_word' id='word_1_233' title='bbox 1002 3513 1018 3539; x_wconf 91' lang='grc'>“</span> <span class='ocrx_word' id='word_1_234' title='bbox 1029 3508 1141 3583; x_wconf 81' lang='grc' dir='ltr'>στῆθος</span> <span class='ocrx_word' id='word_1_235' title='bbox 1164 3506 1197 3569; x_wconf 67' lang='grc' dir='ltr'>δὲ</span> <span class='ocrx_word' id='word_1_236' title='bbox 1220 3502 1365 3584; x_wconf 79' lang='grc' dir='ltr'>πλήξας”</span> 
     </span>
     <span class='ocr_line' id='line_1_33' title="bbox 216 3604 1368 3694; baseline 0 -23"><span class='ocrx_word' id='word_1_237' title='bbox 216 3604 496 3694; x_wconf 79' lang='grc' dir='ltr'><strong>(Οά.20.17)-ῆ</strong></span> <span class='ocrx_word' id='word_1_238' title='bbox 517 3610 597 3689; x_wconf 78' lang='grc' dir='ltr'>παρὰ</span> <span class='ocrx_word' id='word_1_239' title='bbox 619 3607 654 3671; x_wconf 82' lang='grc' dir='ltr'>τὸ</span> <span class='ocrx_word' id='word_1_240' title='bbox 677 3613 739 3670; x_wconf 85' lang='grc' dir='ltr'>στῶ</span> <span class='ocrx_word' id='word_1_241' title='bbox 762 3609 869 3687; x_wconf 85' lang='grc' dir='ltr'>στεώω,</span> <span class='ocrx_word' id='word_1_242' title='bbox 892 3608 932 3675; x_wconf 75' lang='grc' dir='ltr'>ὣς</span> <span class='ocrx_word' id='word_1_243' title='bbox 952 3607 1037 3672; x_wconf 80' lang='grc' dir='ltr'>α’θλῶ</span> <span class='ocrx_word' id='word_1_244' title='bbox 1060 3609 1205 3686; x_wconf 80' lang='grc' dir='ltr'>άεθλεθω,</span> <span class='ocrx_word' id='word_1_245' title='bbox 1228 3610 1368 3674; x_wconf 84' lang='grc' dir='ltr'>στεθεται</span> 
     </span>
     <span class='ocr_line' id='line_1_34' title="bbox 216 3709 619 3797; baseline -0.002 -21"><span class='ocrx_word' id='word_1_246' title='bbox 216 3713 267 3777; x_wconf 79' lang='grc' dir='ltr'>καὶ</span> <span class='ocrx_word' id='word_1_247' title='bbox 283 3714 419 3797; x_wconf 83' lang='grc' dir='ltr'>συγκοπῇ</span> <span class='ocrx_word' id='word_1_248' title='bbox 437 3721 456 3747; x_wconf 86' lang='grc'><strong>“</strong></span> <span class='ocrx_word' id='word_1_249' title='bbox 470 3715 593 3775; x_wconf 84' lang='grc' dir='ltr'>στεῦται</span> <span class='ocrx_word' id='word_1_250' title='bbox 601 3709 619 3734; x_wconf 92' lang='grc'>”</span> 
     </span>
     <span class='ocr_line' id='line_1_35' title="bbox 260 3810 1275 3902; baseline 0.001 -23"><span class='ocrx_word' id='word_1_251' title='bbox 260 3834 334 3900; x_wconf 91' lang='grc'><strong>324.</strong></span> <span class='ocrx_word' id='word_1_252' title='bbox 358 3820 454 3882; x_wconf 83' lang='grc' dir='ltr'>κακῶς</span> <span class='ocrx_word' id='word_1_253' title='bbox 469 3813 497 3879; x_wconf 85' lang='grc' dir='ltr'>δ’</span> <span class='ocrx_word' id='word_1_254' title='bbox 512 3815 570 3895; x_wconf 82' lang='grc' dir='ltr'>ἄρα</span> <span class='ocrx_word' id='word_1_255' title='bbox 584 3816 613 3878; x_wconf 77' lang='grc' dir='ltr'>οἱ</span> <span class='ocrx_word' id='word_1_256' title='bbox 629 3812 714 3878; x_wconf 92' lang='grc' dir='ltr'>πέλει</span> <span class='ocrx_word' id='word_1_257' title='bbox 730 3810 818 3902; x_wconf 80' lang='grc' dir='ltr'>αὐτῆ]</span> <span class='ocrx_word' id='word_1_258' title='bbox 835 3813 903 3894; x_wconf 86' lang='grc' dir='ltr'>ήτοι</span> <span class='ocrx_word' id='word_1_259' title='bbox 918 3817 1023 3882; x_wconf 82' lang='grc' dir='ltr'>ἄσιτος</span> <span class='ocrx_word' id='word_1_260' title='bbox 1039 3815 1113 3895; x_wconf 82' lang='grc' dir='ltr'>αιἰτῆ</span> <span class='ocrx_word' id='word_1_261' title='bbox 1128 3813 1275 3898; x_wconf 84' lang='grc' dir='ltr'>τυγχάνει</span> 
     </span>
     <span class='ocr_line' id='line_1_36' title="bbox 164 3914 698 4005; baseline -0.004 -21"><span class='ocrx_word' id='word_1_262' title='bbox 164 3936 203 3998; x_wconf 84' lang='grc'>35</span> <span class='ocrx_word' id='word_1_263' title='bbox 260 3920 335 4004; x_wconf 87' lang='grc'><strong>326.</strong></span> <span class='ocrx_word' id='word_1_264' title='bbox 357 3914 559 4005; x_wconf 89' lang='grc' dir='ltr'>διέπρησσον]</span> <span class='ocrx_word' id='word_1_265' title='bbox 577 3917 698 3996; x_wconf 90' lang='grc' dir='ltr'>διήνυον</span> 
     </span>
     <span class='ocr_line' id='line_1_37' title="bbox 260 4017 1232 4109; baseline -0.002 -22"><span class='ocrx_word' id='word_1_266' title='bbox 260 4037 332 4106; x_wconf 87' lang='grc'><strong>327.</strong></span> <span class='ocrx_word' id='word_1_267' title='bbox 356 4017 469 4109; x_wconf 80' lang='grc' dir='ltr'>ὀάρων]</span> <span class='ocrx_word' id='word_1_268' title='bbox 486 4023 519 4084; x_wconf 78' lang='grc' dir='ltr'>ἐκ</span> <span class='ocrx_word' id='word_1_269' title='bbox 541 4026 594 4084; x_wconf 81' lang='grc' dir='ltr'>τοῦ</span> <span class='ocrx_word' id='word_1_270' title='bbox 615 4019 676 4103; x_wconf 86' lang='grc' dir='ltr'>άρω</span> <span class='ocrx_word' id='word_1_271' title='bbox 699 4027 733 4084; x_wconf 88' lang='grc' dir='ltr'>τὸ</span> <span class='ocrx_word' id='word_1_272' title='bbox 754 4024 872 4105; x_wconf 78' lang='grc' dir='ltr'>ἁρμόζω</span> <span class='ocrx_word' id='word_1_273' title='bbox 895 4025 971 4086; x_wconf 78' lang='grc' dir='ltr'>κατὰ</span> <span class='ocrx_word' id='word_1_274' title='bbox 989 4021 1153 4102; x_wconf 87' lang='grc' dir='ltr'>μετάθεσιν</span> <span class='ocrx_word' id='word_1_275' title='bbox 1177 4023 1232 4100; x_wconf 89' lang='grc' dir='ltr'>ὅαρ</span> 
     </span>
     <span class='ocr_line' id='line_1_38' title="bbox 357 4121 1064 4212; baseline 0.007 -25"><span class='ocrx_word' id='word_1_276' title='bbox 357 4124 456 4206; x_wconf 88' lang='grc' dir='ltr'>θάρων</span> <span class='ocrx_word' id='word_1_277' title='bbox 471 4124 560 4189; x_wconf 75' lang='grc' dir='ltr'>ἕνεκα</span> <span class='ocrx_word' id='word_1_278' title='bbox 575 4121 767 4212; x_wconf 90' lang='grc' dir='ltr'>σφετεράων]</span> <span class='ocrx_word' id='word_1_279' title='bbox 783 4125 851 4205; x_wconf 85' lang='grc' dir='ltr'>ήτοι</span> <span class='ocrx_word' id='word_1_280' title='bbox 866 4130 918 4205; x_wconf 91' lang='grc' dir='ltr'>τῆς</span> <span class='ocrx_word' id='word_1_281' title='bbox 934 4125 1064 4206; x_wconf 82' lang='grc' dir='ltr'>Ἑλένης</span> 
     </span>
     <span class='ocr_line' id='line_1_39' title="bbox 262 4222 1034 4317; baseline 0.006 -28"><span class='ocrx_word' id='word_1_282' title='bbox 262 4246 335 4313; x_wconf 90' lang='grc'><strong>330.</strong></span> <span class='ocrx_word' id='word_1_283' title='bbox 358 4222 452 4314; x_wconf 90' lang='grc' dir='ltr'>τάων]</span> <span class='ocrx_word' id='word_1_284' title='bbox 470 4230 615 4292; x_wconf 83' lang='grc' dir='ltr'>Αίολικθν</span> <span class='ocrx_word' id='word_1_285' title='bbox 744 4225 884 4317; x_wconf 89' lang='grc' dir='ltr'>πασέων]</span> <span class='ocrx_word' id='word_1_286' title='bbox 899 4227 1034 4295; x_wconf 86' lang='grc' dir='ltr'>Ἰωνικόν</span> 
     </span>
    </p>
   </div>
   <div class='ocr_carea' id='block_1_3' title="bbox 216 4345 1369 4605">
    <p class='ocr_par' dir='ltr' id='par_1_3' title="bbox 216 4345 1369 4605">
     <span class='ocr_line' id='line_1_40' title="bbox 250 4345 1369 4415; baseline 0.001 -18"><span class='ocrx_word' id='word_1_287' title='bbox 250 4349 275 4397; x_wconf 86' lang='grc'>8.</span> <span class='ocrx_word' id='word_1_288' title='bbox 292 4345 490 4408; x_wconf 77' lang='grc' dir='ltr'>ίκμειλίσσονται</span> <span class='ocrx_word' id='word_1_289' title='bbox 510 4352 521 4407; x_wconf 83' lang='grc' dir='ltr'>ΙΙ</span> <span class='ocrx_word' id='word_1_290' title='bbox 542 4362 565 4412; x_wconf 89' lang='lat'>9·</span> <span class='ocrx_word' id='word_1_291' title='bbox 583 4346 616 4396; x_wconf 78' lang='grc' dir='ltr'>τὰ</span> <span class='ocrx_word' id='word_1_292' title='bbox 625 4345 688 4397; x_wconf 80' lang='grc' dir='ltr'>κατὰ</span> <span class='ocrx_word' id='word_1_293' title='bbox 699 4348 724 4398; x_wconf 90' lang='lat' dir='ltr'><em>D</em></span> <span class='ocrx_word' id='word_1_294' title='bbox 744 4354 755 4408; x_wconf 77' lang='grc'>11</span> <span class='ocrx_word' id='word_1_295' title='bbox 776 4363 813 4398; x_wconf 82' lang='grc'>12.</span> <span class='ocrx_word' id='word_1_296' title='bbox 830 4365 864 4398; x_wconf 78' lang='grc' dir='ltr'>αα</span> <span class='ocrx_word' id='word_1_297' title='bbox 875 4348 918 4410; x_wconf 82' lang='grc' dir='ltr'>τῆς</span> <span class='ocrx_word' id='word_1_298' title='bbox 929 4347 993 4412; x_wconf 77' lang='grc' dir='ltr'>δίκης</span> <span class='ocrx_word' id='word_1_299' title='bbox 1003 4365 1049 4415; x_wconf 85' lang='lat' dir='ltr'>pro</span> <span class='ocrx_word' id='word_1_300' title='bbox 1058 4347 1152 4410; x_wconf 77' lang='grc' dir='ltr'>τῆσδεῐ</span> <span class='ocrx_word' id='word_1_301' title='bbox 1170 4355 1181 4411; x_wconf 78' lang='lat' dir='ltr'>n</span> <span class='ocrx_word' id='word_1_302' title='bbox 1204 4362 1242 4412; x_wconf 83' lang='grc'>14.</span> <span class='ocrx_word' id='word_1_303' title='bbox 1258 4347 1369 4398; x_wconf 68' lang='lat' dir='ltr'>«immor</span> 
     </span>
     <span class='ocr_line' id='line_1_41' title="bbox 219 4410 1368 4478; baseline 0.002 -17"><span class='ocrx_word' id='word_1_304' title='bbox 219 4417 229 4472; x_wconf 77' lang='grc'>11</span> <span class='ocrx_word' id='word_1_305' title='bbox 250 4412 288 4462; x_wconf 85' lang='grc'>16.</span> <span class='ocrx_word' id='word_1_306' title='bbox 306 4413 376 4462; x_wconf 79' lang='grc' dir='ltr'>δινῶν</span> <span class='ocrx_word' id='word_1_307' title='bbox 387 4413 429 4463; x_wconf 77' lang='lat' dir='ltr'>Et.</span> <span class='ocrx_word' id='word_1_308' title='bbox 442 4412 480 4463; x_wconf 79' lang='lat' dir='ltr'>M.</span> <span class='ocrx_word' id='word_1_309' title='bbox 491 4429 497 4461; x_wconf 87' lang='lat'>:</span> <span class='ocrx_word' id='word_1_310' title='bbox 514 4410 612 4461; x_wconf 78' lang='grc' dir='ltr'>δινεύων</span> <span class='ocrx_word' id='word_1_311' title='bbox 630 4419 640 4474; x_wconf 79' lang='grc' dir='ltr'>ΙΙ</span> <span class='ocrx_word' id='word_1_312' title='bbox 661 4427 698 4462; x_wconf 80' lang='grc'>22.</span> <span class='ocrx_word' id='word_1_313' title='bbox 716 4413 804 4477; x_wconf 85' lang='grc' dir='ltr'>κρεωδθ</span> <span class='ocrx_word' id='word_1_314' title='bbox 824 4431 852 4462; x_wconf 88' lang='grc' dir='ltr'>ον</span> <span class='ocrx_word' id='word_1_315' title='bbox 869 4415 911 4464; x_wconf 74' lang='lat' dir='ltr'>Et.</span> <span class='ocrx_word' id='word_1_316' title='bbox 926 4415 974 4471; x_wconf 86' lang='lat' dir='ltr'>M..</span> <span class='ocrx_word' id='word_1_317' title='bbox 990 4413 1123 4478; x_wconf 84' lang='grc' dir='ltr'>κρεοδθχον</span> <span class='ocrx_word' id='word_1_318' title='bbox 1133 4417 1158 4465; x_wconf 83' lang='grc' dir='ltr'><strong>Δ</strong></span> <span class='ocrx_word' id='word_1_319' title='bbox 1169 4430 1176 4465; x_wconf 76' lang='lat' dir='ltr'>t</span> <span class='ocrx_word' id='word_1_320' title='bbox 1193 4414 1295 4477; x_wconf 77' lang='grc' dir='ltr'>κρεῶδες</span> <span class='ocrx_word' id='word_1_321' title='bbox 1305 4413 1368 4478; x_wconf 81' lang='grc' dir='ltr'>έχον</span> 
     </span>
     <span class='ocr_line' id='line_1_42' title="bbox 218 4476 1368 4544; baseline 0.002 -18"><span class='ocrx_word' id='word_1_322' title='bbox 218 4483 229 4537; x_wconf 79' lang='grc'>11</span> <span class='ocrx_word' id='word_1_323' title='bbox 250 4476 288 4526; x_wconf 85' lang='grc'>26.</span> <span class='ocrx_word' id='word_1_324' title='bbox 305 4477 469 4527; x_wconf 58' lang='lat' dir='ltr'>mmmm</span> <span class='ocrx_word' id='word_1_325' title='bbox 488 4482 499 4538; x_wconf 77' lang='grc'>11</span> <span class='ocrx_word' id='word_1_326' title='bbox 517 4484 602 4526; x_wconf 86' lang='grc' dir='ltr'>ουλατι</span> <span class='ocrx_word' id='word_1_327' title='bbox 613 4479 664 4543; x_wconf 73' lang='lat' dir='ltr'>legi</span> <span class='ocrx_word' id='word_1_328' title='bbox 681 4484 692 4538; x_wconf 85' lang='grc' dir='ltr'>ΙΙ</span> <span class='ocrx_word' id='word_1_329' title='bbox 715 4489 753 4543; x_wconf 84' lang='grc'>27.</span> <span class='ocrx_word' id='word_1_330' title='bbox 771 4479 815 4530; x_wconf 82' lang='grc' dir='ltr'>έιετ</span> <span class='ocrx_word' id='word_1_331' title='bbox 830 4498 841 4529; x_wconf 87' lang='grc' dir='ltr'>ς</span> <span class='ocrx_word' id='word_1_332' title='bbox 861 4485 872 4540; x_wconf 84' lang='grc' dir='ltr'>ΙΙ</span> <span class='ocrx_word' id='word_1_333' title='bbox 890 4478 1037 4541; x_wconf 83' lang='grc' dir='ltr'>ουττάμενοτ</span> <span class='ocrx_word' id='word_1_334' title='bbox 1055 4484 1066 4542; x_wconf 85' lang='grc' dir='ltr'>ΙΙ</span> <span class='ocrx_word' id='word_1_335' title='bbox 1084 4486 1188 4529; x_wconf 85' lang='grc' dir='ltr'>ονλατος</span> <span class='ocrx_word' id='word_1_336' title='bbox 1205 4485 1216 4543; x_wconf 75' lang='lat' dir='ltr'>n</span> <span class='ocrx_word' id='word_1_337' title='bbox 1238 4492 1278 4544; x_wconf 78' lang='lat'>31.</span> <span class='ocrx_word' id='word_1_338' title='bbox 1294 4487 1368 4544; x_wconf 76' lang='grc' dir='ltr'>λογι·</span> 
     </span>
     <span class='ocr_line' id='line_1_43' title="bbox 216 4541 655 4605; baseline -0.002 -13"><span class='ocrx_word' id='word_1_339' title='bbox 216 4542 303 4592; x_wconf 83' lang='grc' dir='ltr'>πτιιιδν</span> <span class='ocrx_word' id='word_1_340' title='bbox 315 4544 356 4593; x_wconf 68' lang='lat' dir='ltr'>Et.</span> <span class='ocrx_word' id='word_1_341' title='bbox 369 4544 423 4592; x_wconf 86' lang='lat' dir='ltr'>M.:</span> <span class='ocrx_word' id='word_1_342' title='bbox 441 4541 514 4605; x_wconf 68' lang='grc' dir='ltr'>λοξδν</span> <span class='ocrx_word' id='word_1_343' title='bbox 532 4548 543 4602; x_wconf 93' lang='grc' dir='ltr'>ΙΙ</span> <span class='ocrx_word' id='word_1_344' title='bbox 561 4543 655 4605; x_wconf 72' lang='grc' dir='ltr'>πλῆξεν</span> 
     </span>
    </p>
   </div>
   <div class='ocr_carea' id='block_1_4' title="bbox 0 0 1505 5040">
    <p class='ocr_par' dir='ltr' id='par_1_4' title="bbox 0 0 1505 5040">
     <span class='ocr_line' id='line_1_44' title="bbox 0 0 1505 5040; baseline 0 0"><span class='ocrx_word' id='word_1_345' title='bbox 0 0 1505 5040; x_wconf 95' lang='lat' dir='ltr'> </span> 
     </span>
    </p>
   </div>
  </div>
 </body>
</html>
