3000 5040
566 260 738 321 1A1AA02
761 260 796 321 α.
819 254 884 345 (ι)
1237 257 1300 319 513

197 437 270 507 501.
295 422 395 514 κρίνῃ]
412 428 574 514 διαχωρίζρ
706 440 780 508 504.
803 422 995 515 έπέπληγον]
1011 428 1168 494 ἂνεκίυουν

196 542 271 612 505.
293 529 352 594 ύπδ
368 528 393 594 δ’
410 530 561 613 ἔστρεφον
576 526 733 618 ἡνιοχῆες]
750 529 789 595 δι’
805 533 999 614 ὑποστροφῆς

197 632 270 713 506.
294 628 374 722 ἰθύς]
392 633 454 697 κατ’
471 633 591 699 εὐθεῖαν
738 629 843 722 νύκτα]
861 635 1009 717 ἀορασίαν
1072 626 1076 633 ’

196 737 270 817 508.
294 733 482 824 χρυσαόρου]
498 742 551 801 τοῦ
565 735 826 820 χρυσοφασγάνον

102 926 105 931 7
196 852 270 919 521.
295 834 400 926 ίωκάς]
418 839 547 923 κραυγὰς
562 839 693 907 ἀπειλὰς
708 838 726 919 ἢ
742 839 796 907 τὰς
812 838 904 924 ίντφ
918 838 1042 926 πολέμφ
1058 838 1176 919 διάξεις
1191 859 1251 904 ree.
1316 852 1334 912 5

83 944 92 963 ‘
194 954 270 1022 524·
294 937 438 1029 ἀτρέμας]
453 942 555 1026 ἡσυχῆ

196 1059 216 1127 5
218 1059 268 1128 53.
292 1041 460 1133 ἀρνυμένω]
478 1044 826 1129 ἀντικαταλλασσομένω
841 1044 958 1112 τούτοις

196 1162 269 1230 554.
294 1150 348 1211 οίω
363 1145 404 1211 τύ
419 1175 455 1231 γε
468 1147 574 1214 λέοντε
590 1145 664 1237 δύω]
682 1149 763 1213 ούτοι
778 1151 811 1213 δέ
827 1150 915 1213 δποῖο
930 1148 1052 1217 λέοντες
1068 1150 1126 1214 δύω

195 1263 269 1331 555.
291 1250 442 1333 ταρφέσιν
454 1247 543 1339 ύλης]
560 1254 765 1333 πυκνάμασιν,
777 1251 837 1316 ἀπὸ
851 1257 905 1317 τοῦ
919 1254 1029 1336 τείρειν
1043 1253 1098 1336 τὴν
1109 1249 1226 1335 άφηνῆ
1241 1251 1302 1316 ἀπδ

153 1353 248 1437 (τοῦ)
266 1354 433 1435 ταράσσειν
447 1358 485 1418 τά
500 1354 564 1437 φάη
1318 1366 1355 1408 10

196 1468 270 1539 557.
294 1454 389 1545 ὄφρα]
407 1458 463 1524 έως
592 1472 666 1540 559.
688 1454 775 1546 τοίω]
792 1463 922 1523 τοιοῦτοι

196 1562 271 1642 567.
295 1557 418 1649 πόνοιο]
435 1565 488 1641 τῆς
504 1563 656 1645 ἀνεργείας
670 1567 722 1626 τοῦ
734 1561 869 1641 πολέμου

196 1662 270 1746 568.
289 1666 330 1728 τδ
345 1661 414 1753 μέν]
431 1665 513 1729 οὗτοι
527 1664 585 1746 μέν

196 1782 270 1849 574.
293 1765 349 1856 τά]
365 1769 486 1836 τούτους
615 1763 722 1855 δειλά]
739 1767 807 1834 τοὺς
822 1768 994 1851 ἀθλ<ί>ονς

196 1870 271 1954 584.
293 1868 407 1959 ἤλασε]
425 1871 598 1956 έκρου<σ>ε
730 1867 858 1959 κόρσην]
875 1873 981 1954 κυρίως
996 1873 1012 1935 ὁ
1028 1873 1179 1955 κρόταφος
1317 1878 1354 1938 ¹5

196 1974 271 2057 586.
309 1982 327 2010 “
338 1974 494 2058 κύμβαχος
503 1974 521 2000 ”
549 1981 584 2039 τὸ
614 1973 767 2052 σκεπάζον
796 1975 831 2039 τδ
860 1975 990 2058 βρέγμα,
1020 1979 1103 2058 παρὰ
1130 1980 1166 2041 τδ
1196 1980 1302 2059 κῦφον,

152 2077 292 2142 τουτέστι
307 2077 342 2142 τδ
357 2077 528 2161 περιφερές·
556 2078 656 2159 κύμβη
671 2081 729 2162 γὰρ
744 2076 762 2157 ἡ
779 2078 899 2160 κεφαλή

196 2181 270 2262 588.
293 2180 362 2264 ὄφρ’
379 2176 477 2269 ίππω]
494 2182 549 2249 έως
565 2184 594 2246 οἱ
724 2178 894 2270 πλήξαντε]
910 2180 1060 2264 τύψαντες

195 2284 269 2366 589.
292 2280 400 2373 ἵμασε]
416 2283 546 2365 μάστιξε

197 2402 270 2473 592.
293 2388 391 2453 Ἐνυαί
406 2388 524 2468 ἐστινὴ
542 2391 661 2455 ένιεῖσα
675 2388 770 2470 θνμδν
785 2386 833 2453 καί
857 2389 954 2470 ἀλκὴν
976 2393 1039 2457 τοῖς
1059 2387 1252 2473 μαχομένοις·
1282 2388 1354 2467 ἢῒθ

152 2495 229 2555 κατδ
250 2491 442 2573 εὐφημισμὸν
462 2491 523 2558 ἀπδ
543 2497 596 2556 τοῦ
610 2493 722 2572 ἥκιστα
742 2491 833 2572 ἔνηῆς
850 2491 900 2558 καὶ
915 2492 1049 2574 έπιεικης
1064 2492 1142 2557 εἶναι
1157 2489 1302 2579 (Cornut.

151 2594 410 2681 αωμφῌ)

196 2710 268 2784 599.
292 2694 396 2788 ἀφρῷ]
419 2698 636 2780 όνοματοποιία
656 2698 808 2780 ότρόπος·
832 2700 959 2763 ἀπὸτοῦ
980 2699 1088 2782 ψόφου
1110 2704 1162 2763 τοῦ
1185 2701 1219 2766 έν
1240 2703 1303 2766 τοῖς

152 2803 243 2868 ύδασι
257 2800 416 2885 γινομένου
430 2823 491 2869 ree.

198 2907 270 2986 605.
293 2901 500 2993 τετραμμένοι]
515 2904 685 2986 βλέποντες
700 2926 759 2969 rec.
1316 2911 1354 2972 ²5

199 3009 273 3075 612.
297 3009 418 3076 Παισός
440 3009 531 3076 πόλις
543 3011 664 3090 Τροίας,
678 3006 716 3088 ἣν
731 3011 765 3075 έν
779 3009 889 3077 ἀλλοις
906 3004 1056 3075 Ἀπαισδυ
1077 3007 1304 3093 προσηγόρευεν

152 3109 350 3199 (11.2.828)

198 3214 273 3280 618.
297 3217 347 3280 ἐπὶ
369 3213 487 3298 δούρατ’
503 3210 628 3302 ἔχευαν]
652 3220 792 3297 δαψιλῶς
814 3215 1005 3298 ἀπέπεμψαν·
1028 3213 1220 3299 ἡμετοφορά
1242 3217 1302 3281 ἀπὸ

152 3324 206 3382 τοῦ
219 3320 311 3402 ύγροΰ
1316 3343 1355 3402 30

199 3421 219 3483 6
224 3441 274 3507 23.
299 3419 489 3510 ἀμφίβασιν]
505 3421 559 3502 τὴν
573 3420 782 3506 ύπερμάχεσιν

198 3527 271 3592 626.
296 3526 535 3611 (χασσάμενος)
561 3520 749 3612 πελεμίχθη]
777 3527 853 3588 κατδ
879 3525 1078 3607 ἀναστροφὴν
1100 3527 1214 3609 εἴρηται
1237 3527 1303 3591 ἀντὶ

88 3676 93 3683 -
153 3634 206 3694 τοῦ
222 3628 416 3712 πελεμιχθεὶς
431 3629 604 3712 ἀνεχάσατο
618 3649 679 3693 τοο.

197 3731 272 3799 628.
292 3729 512 3822 Τληπόλεμον]
528 3739 588 3798 τῶν
601 3733 737 3817 Ἀχαιῶν
751 3731 788 3812 ἦν

197 3835 273 3919 629.
295 3832 483 3925 Σαρπηδόνι]
499 3843 560 3903 τῶν
573 3838 686 3920 Τρύων
701 3835 739 3916 ἧν
848 3836 920 3916 644.
943 3831 1055 3923 ἀλκαρ]
1072 3833 1210 3917 ἀλέξημα
1226 3856 1286 3899 ree.
1315 3852 1353 3914 35

198 3941 272 4022 654.
297 3939 421 4023 (Ἄιδι)
439 3936 640 4027 κλυτοπώλῳ]
662 3940 696 4004 ού
712 3939 838 4020 κλυτὴὴ
858 3940 1059 4019 έπιπόλησις,
1082 3941 1148 4004 οἷον
1168 3938 1302 4019 ἀκουστὴ

156 4045 207 4109 διδ
221 4046 274 4110 τάς
289 4045 340 4108 έπὶ
355 4048 418 4111 τοῖς
435 4048 579 4108 θανοῦσιν
594 4042 726 4125 οἰμωγάς
741 4047 831 4118 AB÷

197 4147 270 4213 661.
295 4142 523 4234 (μαιμάωσα>]
538 4145 605 4226 ἤτοι
626 4151 680 4210 τού
701 4149 826 4228 αἵματος
847 4151 1013 4230 γευστικῶς
1032 4142 1192 4250 έχουσα,.δ
1208 4148 1303 4224 “uat-

151 4249 292 4332 μόωσα”
309 4249 403 4330 ὀξέως
418 4252 542 4333 δρμίάσα
556 4255 619 4319 A÷

190 4383 211 4420 1.
228 4367 362 4433 διαχωρίζιι
382 4375 393 4432 ΙΙ
412 4380 435 4436 7.
454 4366 643 4420 ἀντινοταλασύ
658 4368 699 4430 μοί
714 4367 841 4418 τούτους]
947 4383 1026 4418 ,τυκν
1095 4386 1104 4416 ι
1232 4371 1244 4428 ΙΙ

154 4434 269 4499 supplevi
284 4452 315 4486 ex
330 4437 358 4486 Ι)
376 4441 387 4495 ΙΙ
406 4448 445 4486 21.
461 4431 621 4499 ιύφημησμδν
637 4439 647 4495 ΙΙ
666 4434 733 4498 {nm}
749 4432 790 4483 καὶ
819 4451 866 4483 τιει
1096 4450 1107 4481 ς
1122 4450 1138 4481 κ

153 4498 792 4565 δορίφ32.εῐρηταιΙ)ιείςτάΙΙ36.ἡῙ)ιῶςΙΙ
824 4517 848 4549 τι
945 4516 956 4548 ς
1000 4536 1007 4550 .
1053 4516 1062 4546 ι
1126 4514 1163 4547 τις
1242 4534 1251 4562 ,

154 4566 324 4629 supplementi
334 4567 416 4618 ἱιιιιατ
427 4567 461 4619 nd
471 4567 548 4619 whol.
561 4568 658 4673 ρτίταιο
668 4583 694 4616 m
708 4583 760 4694 Lul·
769 4565 858 4617 uidit·
876 4570 886 4627 ΙΙ
905 4565 945 4628 38.
994 4581 1015 4614 οι
1026 4568 1084 4630 pont
1093 4579 1121 4625 μ.
1132 4563 1204 4614 omini

198 4648 268 4697 vob.
284 4646 328 4698 vl.
