3000 5040
252 249 275 310 ο
313 216 318 224 ’
653 252 825 313 ιλιλΔοΣ
847 252 887 312 N.
911 243 1001 333 (1³)

257 417 342 508 Διίς,
359 418 378 513 ἢ
395 430 438 521 τῷ
454 421 612 517 ἕπιτερπεῖ
624 431 681 512 τῆς
706 423 849 519 φράσεως
865 419 900 494 τδ
919 429 976 510 τῆς
998 421 1108 515 μάχης
1132 416 1257 515 στυγνδν
1278 413 1413 502 διαλύει,

259 537 279 625 ἢ
296 537 448 636 άναχαρεῖ
459 539 536 620 ῖποις
552 542 597 634 μη
614 537 746 611 ὖπίνοιαν
764 539 803 638 δῷ
820 548 883 618 τοῖς
899 546 1045 635 Τρωικοῖς
1067 536 1359 629 (ἔπελευσάμενος).

185 683 239 730 A÷
312 682 362 732 21.
391 656 502 753 Αῖγάς,
524 656 589 730 ἔνθα
612 656 644 728 δέ
662 654 703 754 οῖ]
719 655 748 728 ἓν
766 654 880 750 Αίγαῖς
898 663 954 742 τῆς
974 655 1113 740 Εὖβοίας
1129 655 1284 752 παράδοξα
1306 650 1415 726 πολλδι

259 772 387 865 γίνεται·
411 775 492 846 κατὰ
512 775 573 871 γάρ
591 774 648 855 τδς
666 773 804 861 ε’τησίους
821 780 874 845 τοῦ
891 771 1038 845 Διονύσου
1059 772 1189 852 τελετδις
1213 771 1415 870 θργιαζουσῖνν

259 889 472 985 τῶνμυστίδουν
481 900 624 988 γυναικῶν
635 891 863 974 βλαστάνουσιν
873 889 909 963 αῖ
917 889 1098 984 καλούμεναι
1106 888 1250 985 ἒφῆμεροι
1262 887 1412 982 άμπελοι,
1429 918 1448 977 5

259 1005 369 1089 αῖτινες
392 1006 474 1081 ἕωθεν
492 1009 548 1102 μὲν
574 1007 629 1088 τδις
654 1016 709 1078 τοῖν
726 1015 842 1099 καρπῶν
859 1005 994 1091 ε’κβολδις
1011 1014 1171 1094 ποιοῦνται,
1189 1001 1244 1079 εἶτ’
1262 1002 1301 1076 αῖ
1317 1002 1416 1077 πάλιν

259 1122 393 1223 βάτρυας
409 1127 612 1221 βαρυτάτους,
629 1121 681 1195 καῖ
702 1125 824 1204 τούτους
841 1122 896 1218 πρδ
913 1124 1116 1219 μεσημβρίαις
1132 1120 1320 1209 πεπαίνουσι,
1338 1117 1415 1220 πρδς

260 1243 291 1314 δὲ
308 1241 361 1331 την
382 1242 511 1338 ἑσπέραν
528 1240 702 1340 δρεπάμεναι
727 1239 854 1338 άκρατον
870 1248 1037 1338 χορηγοῦσι
1064 1240 1179 1328 δαψιλῆ
1196 1248 1266 1320 ταῖς
1281 1236 1341 1311 άπδ
1358 1246 1415 1313 τοῦ

259 1366 350 1456 χοροῖ
390 1359 549 1456 παρθένοις.
604 1353 729 1448 ου’δεμία
762 1353 795 1431 δὲ
836 1356 931 1430 ἔνδεια
965 1356 1082 1455 γίνεται
1116 1357 1208 1430 αύτοῖι
1244 1356 1326 1429 κατδι
1359 1356 1415 1444 την

261 1475 404 1572 ε’χομένην
420 1474 544 1573 ἡμέραν,
561 1474 632 1548 άλλ’
651 1477 758 1557 ὁσάκις
774 1473 985 1562 ἀναλίσκεται,
999 1478 1186 1558 τοσαυτάκις
1203 1473 1414 1561 δαψιλείεται·
1432 1510 1468 1550 ιο

260 1595 453 1689 Νικοκράτης
473 1592 505 1665 δὲ
523 1591 552 1664 ἓν
576 1600 618 1690 τῷ
642 1588 711 1687 περί
733 1600 785 1663 τοῦ
812 1590 841 1663 ἓν
855 1597 996 1664 Ἐλικοῖνι
1021 1593 1130 1688 άγῶνος
1148 1592 1180 1665 οὗ
1198 1593 1314 1672 ταύτας
1331 1587 1416 1682 φησί

260 1709 319 1791 τδις
344 1708 445 1804 Αίγδις
480 1710 580 1805 λε’γειν
614 1707 663 1781 τδν
696 1711 831 1799 ποιητήν,
856 1709 928 1781 ἀλλ’
964 1709 1066 1809 ἑτέραν
1099 1708 1166 1782 τινδι
1199 1719 1285 1799 νῆσον
1315 1709 1345 1781 ἓν
1371 1715 1416 1807 τῷ

261 1822 380 1927 Αῖγαίρ
396 1829 537 1923 πελάγει,
549 1824 615 1925 περὶ
629 1827 663 1916 ἣν
676 1825 727 1899 καί
744 1826 983 1925 παραδιξολογία
1000 1861 1048 1909 τις
1065 1823 1138 1901 εῖναι
1155 1826 1327 1921 μυθεύεται·
1344 1825 1416 1904 τοῖς

259 1945 321 2043 γδιρ
343 1943 592 2042 προσορμίζοντας
610 1979 650 2044 τῃ
675 1946 753 2044 ιη’σρ
774 1947 877 2027 νυκτδς
894 1942 1032 2025 ἅπαντας
1049 1947 1176 2039 άφανεῖς
1192 1943 1343 2041 γενέσθαι·
1369 1939 1416 2014 διδ
1481 1983 1485 1991 ·

260 2062 338 2157 μηδὲ
355 2066 575 2158 προσπελάζειν
597 2065 672 2137 τινά.
1433 2098 1470 2158 15

223 2220 246 2241 -
307 2178 561 2274 κλυτδκδύματα
572 2179 693 2264 βίνθεσι
704 2177 1169 2278 λίμνης>]τινέςῦποκλυζο’μενα
1180 2175 1233 2251 {ab
1242 2179 1416 2266 θαλάσσης·

217 2370 219 2375 ,
264 2292 291 2369 οῖ
308 2296 349 2379 δέ,
367 2296 416 2368 διδι
434 2298 486 2383 τὴν
505 2296 626 2389 δύναμιν
643 2305 694 2368 τοῦ
712 2304 776 2369 θεοῖν
794 2296 822 2369 ἔν
842 2298 926 2397 μίση
943 2299 1087 2398 θαλάσση
1110 2293 1183 2369 εῖναι
1201 2294 1235 2368 τδ
1254 2293 1338 2393 ίεράν.
1362 2293 1415 2366 καί

265 2421 306 2511 τῷ
329 2416 418 2498 βάθει
437 2413 471 2485 τδ
489 2413 617 2486 άπιστον
636 2412 795 2499 ἐκάλυψεν.

316 2557 370 2606 22.
395 2528 529 2629 χρύσεα]
554 2528 619 2604 ε’τεῖ
637 2529 824 2620 Ἥφαιστος
847 2531 927 2603 αύτδι
940 2529 1087 2620 ε’ποίησεν,
1105 2530 1154 2605 ῖτε
1172 2532 1265 2612 Θέτις
1283 2529 1335 2602 καῖ
1354 2530 1417 2604 Εὗ-

264 2646 374 2748 ρυνάμη
392 2646 481 2720 αύτδν
498 2649 671 2732 ύπεδέξαντο
689 2647 821 2721 πεσάντα
841 2647 895 2747 (Il.
918 2660 969 2721 18·
986 2648 1077 2748 398).
1432 2691 1472 2732 20

224 2818 249 2832 -
317 2795 368 2860 23·
390 2767 458 2858 (ὑπ’
473 2765 612 2863 ῖχεσφι)
627 2765 802 2866 τιτύσκετο]
816 2766 991 2861 ύποζευγνῖις
1001 2778 1064 2849 τοῖς
1075 2766 1364 2867 ῖχεσινεύτρίπιζεν.
1388 2767 1418 2842 οῖ

266 2883 298 2955 δέ
322 2883 405 2981 παρδι
422 2884 456 2955 τδ
474 2885 588 2981 τεύχοι·
620 2881 838 2976 “”Ηφαιστος
855 2884 886 2956 δὲ
903 2881 1064 2957 τιτύσκετο
1083 2885 1242 2967 θεσπιδαὲς
1259 2893 1315 2983 πῖρ
1326 2884 1345 2914 ”
1359 2884 1415 2983 (ss.

229 3048 246 3065 υ
268 3026 319 3075 21.
339 2999 427 3093 342).
472 2997 500 3098 θ.
518 3001 567 3072 διδ
583 2997 621 3073 τί
633 3000 664 3073 δὲ
682 3001 749 3080 τοὺς
768 2996 875 3080 ίππους
893 3005 1116 3095 καταλιμπάνει
1134 3002 1225 3074 αύτοῖι
1243 3000 1294 3073 καί
1310 3008 1418 3074 θᾶττον

266 3116 386 3204 βαδίζει
405 3116 495 3216 (34);
522 3115 605 3207 ἢοῖνν
623 3124 930 3215 καλ<λ>ιγραφῆσαι
949 3119 1096 3203 βούλεται
1115 3122 1130 3191 o‘
1146 3119 1334 3206 ποιητηςτῖην
1354 3118 1418 3190 ὅδδν

267 3232 369 3318 αύτοῖι,
387 3233 406 3324 ἢ
421 3239 739 3332 προπαρασκευάζεται
753 3243 795 3336 τῷ
807 3233 861 3307 Διῖ
881 3235 1128 3331 (μαχούμενος).
1149 3234 1175 3335 θ.
1190 3232 1416 3331 “χαλκο’ποδε”
1434 3258 1473 3319 25

268 3350 300 3425 δέ
316 3351 479 3447 ἦχάποδας,
494 3362 513 3394 “
526 3352 688 3448 ἐρίγδουποι
706 3352 797 3435 ποδες
811 3348 927 3425 ίπποιν”
945 3354 1000 3451 (Il.
1016 3353 1167 3452 11.152).
1185 3350 1209 3452 θ.
1226 3349 1419 3450 είσῖνἘριά-

268 3485 326 3559 λης
343 3469 394 3542 καῖ
412 3477 562 3555 Γλαῦκος,
579 3469 599 3560 ἢ
615 3469 803 3565 Ἐγκέλαδος
820 3468 871 3543 καί
889 3474 1015 3552 Σθένιος.

321 3611 372 3682 25.
398 3587 511 3686 γρυσδν
534 3586 559 3659 δ’
586 3586 678 3669 αύτδς
703 3585 800 3688 ῖδυνε]
823 3588 895 3660 ἀλλ’
922 3588 1035 3687 ὅροῖταί
1052 3599 1148 3681 φησιν
1174 3586 1228 3660 ίαιδ
1245 3583 1337 3668 Διίς·
1364 3586 1419 3659 ούκ

269 3703 358 3778 ῖσασι
377 3705 406 3776 δῖ
426 3703 471 3776 ῖτι
490 3712 581 3804 καιρῷ
598 3715 686 3799 τηρεῖ
708 3706 798 3779 αύτοῖ
815 3707 868 3795 την
885 3702 1040 3781 άπουσίαν.

229 3865 252 3886 =
319 3821 432 3920 γρνσδν
449 3823 475 3894 δ’
492 3820 598 3920 αὖτίς]
615 3827 713 3895 πάντα
734 3827 890 3913 ποιητικά·
917 3823 975 3897 άπδ
998 3824 1058 3922 γδιρ
1076 3832 1132 3913 τῆς
1148 3827 1219 3921 παρ’
1235 3826 1307 3916 ἡμῖν
1323 3854 1419 3914 τιμα-
1435 3853 1476 3911 30

268 3941 361 4036 με’νης
382 3938 458 4028 ύλης
481 3936 533 4011 καί
554 3941 636 4036 παρδι
658 3947 733 4020 θεοῖς
757 3945 912 4036 λαμβάνει
929 3943 1048 4039 χρύσεα
1069 3943 1153 4033 (τά)
1173 3939 1299 4036 δύματα
1319 3939 1415 4031 (καί)

269 4068 392 4154 γρυσᾶς
405 4055 462 4138 τας
479 4051 591 4154 ε’θείρας
609 4067 664 4129 τῶν
681 4051 785 4128 ίππαν.
812 4055 864 4129 καῖ
878 4059 990 4156 γρυσδν
1007 4059 1098 4141 αύτός
1115 4059 1338 4151 ἀναλαμβάνει,
1352 4090 1421 4131 του-

312 4210 339 4265 3.
354 4190 460 4265 Ἀχαίαν
474 4194 502 4247 ε’ν
516 4193 706 4269 Πελοποννήσῳ
720 4191 787 4250 AD
811 4204 820 4259 ΙΙ
848 4208 873 4267 7.
888 4198 928 4251 καὶ
942 4197 1002 4254 τοῖοι
1024 4207 1034 4261 ΙΙ
1060 4197 1087 4253 8.
1102 4198 1261 4267 τρεπόμενοι,
1276 4193 1311 4253 cf.
1326 4193 1420 4255 Paris.

274 4277 353 4348 3060
363 4273 463 4351 (Dind.
473 4274 525 4330 III
535 4294 563 4350 p.
577 4277 607 4348 3)
622 4285 632 4337 11
649 4280 793 4349 χορηγοῦσι
807 4275 909 4335 Euat:
932 4283 1041 4350 χορηγεῖ
1055 4288 1065 4341 ΙΙ
1084 4279 1185 4350 δαψιλῆ
1194 4274 1279 4333 Euat.
1290 4296 1296 4333 :
1307 4279 1422 4346 δαψιλὲς

275 4365 286 4419 11
304 4374 330 4429 9.
345 4356 387 4411 ὑπ’
400 4362 466 4431 post
480 4381 506 4431 γ.
521 4357 603 4414 omisi
620 4367 629 4420 11
648 4375 733 4432 9,10.
749 4359 916 4430 κατεχομένην
929 4363 974 4429 τὴν
985 4360 1125 4432 ἐχομένηνε
1141 4377 1215 4416 corr.
1227 4357 1260 4412 W
1277 4365 1288 4426 11
1309 4359 1353 4416 16.
1367 4361 1421 4415 ὑπὸ

272 4434 393 4511 scripsi:
409 4440 451 4494 ἐπὶ
467 4449 477 4503 11
498 4440 543 4495 18.
558 4444 593 4514 τῷ
604 4440 631 4494 δὲ
644 4443 672 4503 β.
689 4437 714 4496 Β
734 4449 744 4503 11
763 4458 808 4513 23,
827 4458 873 4510 ²4·
888 4445 1081 4512 καταλιμπάνειν
1095 4442 1186 4498 αὐτοὺς
1199 4463 1222 4497 κ.
1233 4440 1256 4498 θ.
1270 4442 1383 4510 βαδίζων
1406 4451 1418 4508 11

275 4534 322 4592 25.
343 4517 439 4595 suppl.
453 4517 490 4576 W
505 4520 540 4579 cf.
555 4518 579 4576 Β
597 4532 606 4585 11
626 4535 672 4594 27.
688 4522 786 4576 Σθένων
799 4520 870 4598 legit
885 4521 969 4581 Eust.
985 4534 995 4588 11
1020 4539 1067 4597 30.
1083 4520 1170 4580 schol.
1184 4526 1250 4598 post
1267 4540 1296 4597 p.
1312 4520 1364 4594 51.
1381 4539 1419 4582 αι

272 4597 415 4676 scriptum
439 4612 449 4666 1
475 4619 522 4674 31·
538 4601 672 4678 supplevi
684 4621 721 4660 ex
736 4603 760 4660 B
