3000 5040
219 295 277 360 viu
550 376 552 380 y
665 292 927 360 calamam.

219 468 309 543 dum
322 466 413 540 mihi
428 493 505 541 esse
522 464 641 555 video,
654 491 749 554 cum,
768 464 799 539 si
814 464 851 539 A
864 466 924 540 vel
938 466 969 539 B
981 465 1040 539 vel
1058 477 1214 565 uterque
1232 475 1271 540 et
1285 465 1371 567 plus

218 593 258 660 et
287 583 411 658 minus
433 608 545 683 quarn
569 582 599 656 T
627 581 666 655 in
694 609 768 656 uno
796 582 997 683 eodemque
1021 582 1156 657 scholio
1183 582 1370 670 exhibent,

218 728 442 802 quamquam
454 708 618 800 poteram
633 726 729 774 novo
742 700 848 800 signo
868 718 899 795 ἑ
920 700 1127 799 adsumpto,
1140 699 1262 774 minus
1277 699 1369 775 illud

219 846 292 893 non
310 817 420 893 simul
440 817 479 890 in
497 815 664 917 margine
681 816 947 892 adnotaverim.
995 816 1136 908 Quodsi
1148 817 1232 916 quis
1250 816 1371 891 obiter

218 962 265 1010 ex
278 935 362 1010 solis
373 935 429 1008 his
448 934 564 1034 signis
581 934 626 1008 de
640 934 759 1033 pretio
772 933 1012 1034 Townleyani
1023 934 1247 1021 aestimaret,
1261 934 1372 1008 missa

216 1079 418 1152 permagna
435 1078 560 1126 eorum
581 1077 676 1151 quae
694 1051 832 1150 partim
846 1050 999 1151 quidem
1016 1049 1185 1125 tenuiora
1199 1076 1245 1124 ex
1263 1063 1369 1149 parte

216 1177 341 1244 tamen
358 1168 418 1243 vel
435 1168 637 1268 copiosiora
655 1194 754 1242 unus
772 1167 833 1242 ille
856 1167 1022 1243 servavit
1040 1167 1142 1256 serie,
1160 1168 1369 1244 aestimaret

217 1313 419 1386 perperam.
490 1285 542 1360 Et
584 1283 711 1359 audivi
745 1285 818 1360 iam
853 1284 1114 1360 benevolentes
1157 1286 1370 1385 ceteroquin

216 1404 327 1491 viros,
343 1403 480 1502 quibus
500 1403 630 1503 prioris
641 1401 838 1478 voluminis
853 1402 994 1477 dudum
1008 1401 1151 1476 finitam
1169 1402 1369 1479 editionem

216 1520 461 1609 ostenderam,
482 1521 550 1595 hac
569 1546 645 1619 qua
667 1520 745 1595 dixi
771 1519 915 1593 ratione
941 1546 1013 1593 non
1039 1528 1138 1594 recte
1164 1520 1211 1595 de
1239 1520 1370 1595 Town·

216 1635 347 1737 leyano
381 1636 596 1714 iudicantes.
666 1638 774 1730 Quod
808 1643 963 1711 caveant
996 1637 1062 1736 qui
1098 1636 1156 1711 his
1192 1643 1368 1712 utentur!

217 1754 431 1829 Tenendum
450 1754 562 1829 etiam
586 1764 644 1829 est
669 1782 728 1830 me
755 1755 794 1829 in
820 1754 1076 1853 comparandis
1102 1755 1285 1829 codicibus
1303 1755 1369 1829 AB

216 1870 437 1946 abstinuisse
456 1871 501 1946 de
520 1871 704 1947 industria
719 1871 890 1947 manibus
908 1871 1172 1946 recentioribus
1192 1872 1255 1971 (Α2
1268 1871 1340 1971 13²).

268 2015 300 2083 3.
329 1988 482 2063 Novum
508 1988 714 2064 subsidium
740 2016 836 2077 anno
869 1995 961 2083 1887
982 1988 1208 2064 Schraderus
1235 1989 1370 2064 exami-

216 2116 304 2179 nato
334 2105 456 2181 codice
487 2105 738 2181 Laurentiano
768 2105 861 2207 plut.
896 2105 1048 2180 XXXII
1079 2131 1099 2200 3
1136 2106 1175 2179 in
1210 2106 1369 2181 Hermae

217 2221 460 2297 Berolinensis
485 2222 557 2297 vol.
575 2223 692 2297 XXII
708 2251 745 2326 p.
769 2230 940 2317 282-299
967 2223 1127 2322 protulit
1152 2233 1265 2298 antea
1289 2250 1370 2323 pro·

216 2339 414 2439 pemodum
445 2339 638 2438 neglecto:
674 2339 720 2415 de
751 2367 824 2440 quo
855 2366 950 2439 quae
980 2340 1059 2439 ipse
1089 2339 1190 2414 brevi
1217 2340 1370 2415 Wacbs-

217 2456 355 2532 muthii
380 2456 558 2533 relatione
578 2457 713 2533 Museo
736 2458 915 2533 Rhenano
933 2456 1068 2532 XVIII
1086 2484 1120 2555 p.
1146 2463 1215 2552 187
1233 2459 1371 2532 inserta

216 2572 304 2648 fisus
331 2574 540 2674 suspicatus
566 2601 666 2649 eram
693 2575 836 2669 (Herm.
857 2575 952 2649 XIX
968 2602 1004 2676 p.
1027 2574 1124 2671 287),
1142 2582 1370 2649 commutata

214 2691 356 2765 ratione
386 2691 655 2790 quodammodo
689 2691 907 2792 corrigenda
936 2718 1015 2766 esse
1040 2691 1120 2765 iure
1146 2690 1242 2765 idem
1272 2691 1370 2766 dixit

216 2806 450 2882 Schraderus.
506 2805 632 2881 Codex
666 2807 785 2907 igitur
814 2834 841 2882 s.
876 2808 933 2881 XI
971 2807 1140 2907 scriptus,
1168 2807 1370 2882 VenetoB

215 2923 339 3023 paullo
358 2924 556 3023 antiquior,
576 2923 677 2998 soliis
694 2929 767 3017 418
797 2923 951 2998 Iliadem
977 2950 1060 2999 cum
1088 2923 1232 2999 scholiis
1257 2925 1370 2999 conti·

216 3066 309 3114 nens
343 3066 417 3116 non
452 3066 498 3113 ex
534 3040 624 3141 ipsis
654 3042 685 3115 B
717 3050 756 3115 et
788 3040 819 3114 Τ
850 3041 913 3115 sed
944 3068 991 3114 ex
1020 3041 1205 3115 communi
1237 3041 1369 3115 horum

215 3156 416 3257 archetypo
443 3157 617 3232 adcurate
643 3157 851 3256 descriptus
877 3165 943 3242 est,
976 3165 1019 3231 ut
1044 3157 1300 3232 deficientibus
1329 3157 1369 3231 in

216 3271 249 3348 B
265 3273 405 3374 primae
425 3301 554 3348 manus
571 3274 667 3349 foliis
682 3280 741 3364 68,
757 3283 815 3368 69,
833 3300 913 3370 145,
926 3275 986 3349 ie.
1003 3274 1134 3349 Iliadis
1150 3299 1181 3370 5.
1199 3284 1367 3369 260-353

216 3400 257 3464 et
292 3417 345 3468 ιι.
384 3400 572 3493 167-217,¹
596 3390 712 3492 proba
747 3392 1003 3492 supplementa
1036 3419 1084 3466 ex
1118 3392 1368 3467 Laurentiano

218 3508 442 3584 Schraderus
460 3508 539 3582 iure
557 3518 740 3608 repeteret
757 3536 791 3609 p.
813 3535 858 3602 29
863 3534 997 3604 3-299·
1026 3508 1133 3595 Quod
1150 3509 1190 3582 in
1207 3509 1368 3584 editione

215 3653 290 3699 non
319 3625 392 3700 iam
426 3624 545 3714 licuit,
577 3623 869 3717 laurentianum
895 3626 934 3700 M
961 3626 1157 3703 Schraderi
1191 3653 1274 3701 cum
1299 3628 1368 3701 AT

215 3770 314 3818 nunc
331 3769 545 3843 conrponam
564 3772 572 3818 ε

769 3971 813 4048 E.

184 4153 196 4194 1
267 4120 348 4210 258.
376 4116 488 4214 ἕτερός
515 4111 570 4215 γε]
596 4126 743 4210 γενναῖον
759 4115 803 4188 τὸ
822 4124 924 4201 λῆμα,
942 4119 970 4187 εἰ
985 4117 1029 4200 μὴ
1047 4117 1257 4217 ἀμφοτέρων,
1275 4116 1366 4189 &md

214 4260 255 4322 γε
271 4239 334 4303 τοῦ
350 4233 464 4326 ἐτέρου
479 4237 656 4332 κρατήσειν
673 4233 901 4315 πεπεισμένον.
941 4228 1010 4315 ἅμα
1032 4232 1066 4303 δὲ
1091 4233 1143 4304 καὶ
1162 4233 1366 4332 ἀνθρωπίνως

208 4348 250 4417 -οὖ
261 4347 338 4444 περὶ
355 4354 420 4419 τῶν
437 4348 491 4420 δύο
505 4350 744 4448 ἀποφαίνεται,
762 4348 804 4422 τὸ
823 4349 857 4420 δὲ
874 4349 955 4421 ὅλον
971 4352 1014 4445 τῇ
1032 4347 1158 4442 Ἀθηνᾷ
1175 4351 1367 4435 ἀνατίθησιν

211 4462 320 4540 BT=

384 4602 407 4641 1.
429 4588 515 4655 λῆμμα
530 4589 564 4642 ut
578 4583 628 4642 BT
651 4593 661 4654 ΙΙ
688 4605 713 4644 2.
728 4585 899 4655 πεπεισμένου
914 4584 955 4642 T:
977 4587 1114 4642 πέπεισται
1128 4593 1162 4644 ut
1178 4585 1201 4643 B
