3000 5040
332 715 558 794 SOHOLIA
584 717 653 792 AB
679 715 883 792 ALTERA
909 714 1063 793 MANU
1089 713 1326 793 SCRIPTA.

665 974 838 1034 1A1AA02
857 974 892 1035 λ
915 967 984 1056 (1)

288 1122 424 1206 Ὄμηρος
442 1123 586 1211 διαλέκτῳ
600 1123 741 1208 κέχρηται
756 1122 841 1203 Ἰάδι,
857 1121 991 1207 καθάπερ
1008 1122 1057 1189 καὶ
1068 1121 1180 1190 πάντες
1193 1119 1214 1202 ἦ
1231 1124 1263 1186 ol
1278 1119 1409 1186 πλείους

249 1233 309 1292 τῶν
323 1232 455 1307 ποιητῶν

297 1350 323 1396 1.
345 1328 389 1370 *³*
400 1327 497 1418 ἄειδε]
515 1327 591 1417 [ἀπὸ
610 1337 663 1395 τοῦ
681 1337 751 1398 είδιο
766 1337 819 1396 τοῦ
838 1329 1054 1419 σημαίνοντος]
1071 1332 1247 1411 ἐπίσταμαι,
1263 1327 1318 1392 καὶ
1330 1325 1409 1402 μετά

251 1438 303 1497 τοῢ
321 1434 383 1518 (ἃ)
401 1436 573 1498 έπιτατικοῢ
588 1435 687 1513 ἀείδω,
703 1435 737 1499 τὸ
752 1437 824 1500 λίαν
838 1435 979 1519 γινόσκω

219 1556 237 1616 5
293 1533 545 1624 *⁴*quchch
566 1535 707 1605 Ἰωνικῶς

295 1661 325 1726 3.
348 1638 381 1704 τὸ
392 1647 408 1675 “
418 1639 501 1705 ΙἈιδι
512 1637 532 1668 ”
549 1643 624 1705 κατά
638 1643 870 1721 μεταπλασμόν·
897 1639 1002 1720 ’Δίδης
1016 1638 1115 1727 Ἀίδῃ,
1130 1641 1170 1707 ὥς
1189 1646 1292 1720 φησιν
1306 1637 1410 1720 Ἠρω-

250 1746 352 1811 διανός

348 1843 517 1934 προΐαψεν]
533 1848 609 1912 ίπτω
626 1849 675 1912 καὶ
691 1847 765 1912 κατὰ
785 1847 981 1927 πλεονασμὸν
997 1845 1094 1912 ίάπτω

294 1971 325 2030 4.
348 1947 451 2038 τεῦχε]
469 1950 606 2038 ἀφῃρέθη
623 1950 657 2015 τδ
674 1955 692 2015 ε’
705 1953 781 2015 κατὰ
793 1950 901 2019 Ἴωνας

202 2075 239 2114 10
296 2067 324 2136 5.
348 2050 499 2143 οίωνοῖσι]
513 2051 664 2142 [κόραξιν]
677 2051 696 2134 ἢ
711 2056 808 2138 γυψίν
819 2060 884 2153 λε
969 2054 998 2119 8.
1010 2049 1113 2140 σφῶε]
1129 2052 1298 2135 προσῶπου
1308 2053 1412 2131 τρίτου

350 2153 489 2246 ξυνέηκε]
512 2158 655 2225 Ἀττικῶς
671 2164 705 2222 τὸ
719 2160 746 2222 ἶν’
761 2159 804 2225 είς
820 2160 840 2237 ξ

297 2282 326 2346 9.
350 2257 610 2346 προσωπῘαπαιία·
632 2260 779 2340 ἡΜοῦσα
793 2258 991 2348 ἀπεκρίν]ατο

298 2384 346 2449 10.
369 2366 427 2429 ἀνά
444 2363 573 2446 στρατὸν
588 2361 683 2452 ὦρσε]
700 2366 840 2446 ἔπεμψεν
856 2365 898 2431 είς
914 2367 1045 2447 στρατόν

372 2463 532 2556 ὀλέκοντο]
545 2466 649 2534 Ἴωνες
664 2467 716 2532 οὐκ
732 2465 876 2548 αὔξουσιν

203 2593 239 2652 15
300 2590 348 2635 11.
372 2566 519 2659 ἀρητῆρα]
544 2570 624 2653 παρὰ
646 2571 681 2635 τδ
704 2573 762 2654 ἀρά
784 2570 803 2650 ἡ
824 2568 975 2659 [βλάβη]
998 2568 1017 2651 ἢ
1041 2572 1123 2652 παρδ
1146 2569 1181 2634 τδ
1200 2565 1329 2655 [αἴρειν]
1355 2569 1410 2633 τὰς

252 2678 356 2757 χεῖρας
371 2673 432 2738 ἀνω

300 2798 349 2863 13.
372 2774 548 2869 ἀπερείσια]
565 2778 675 2861 ἀπειρα
689 2779 795 2861 ἀπερο,
811 2780 861 2844 καὶ
877 2781 953 2843 κατὰ
965 2777 1109 2858 Ἀττικὴν
1124 2771 1326 2863 έπαιίῘξησιν]

299 2881 348 2945 16.
372 2876 445 2969 δύω]
462 2877 604 2946 Ἀττικόν
621 2886 688 2948 ἐστι
705 2883 758 2946 δύο

299 3002 350 3049 21.
373 2979 528 3073 ἁζόμενοι]
545 2984 605 3063 ἀζιο
621 2988 654 3049 δὲ
669 2985 705 3050 τὸ
720 2983 851 3067 ξηραίνει)
866 2990 1017 3068 ψιλοθται

202 3112 240 3152 νο
298 3107 350 3172 23.
373 3085 489 3176 ἀγλαά]
508 3090 550 3155 είς
568 3084 617 3175 [δι]
635 3086 805 3171 ἀγάλλεταί
820 3115 865 3156 τις

372 3189 491 3274 δέχθαι]
508 3187 584 3277 [ἀπὸ
600 3189 666 3279 τοῦ]
682 3189 826 3274 δέχεσθαι
843 3198 860 3226 “
870 3189 977 3274 δέχθαι
987 3189 1006 3216 ”

298 3311 349 3373 24.
372 3290 497 3380 ἥνδανε]
530 3296 562 3358 έκ
593 3299 645 3357 τοῦ
674 3295 736 3374 ἥδω
758 3300 793 3358 τὸ
815 3294 1026 3377 εὖφροίνομαι·
1058 3294 1129 3358 ὅθεν
1155 3294 1204 3357 καὶ
1233 3292 1407 3358 δασυντέον.

254 3402 448 3476 πλεονασμὸς
463 3395 581 3462 ἆνδάνω
598 3401 662 3460 Α-

299 3499 350 3563 26.
373 3500 449 3582 κίχοι
465 3506 483 3536 “
496 3500 600 3582 κιχείω
611 3499 629 3524 ”
765 3501 815 3567 28.
836 3500 877 3583 μή
893 3526 928 3566 νυ
944 3526 992 3565 τοι
1007 3497 1057 3588 οὔ]
1073 3499 1114 3579 μη
1130 3499 1182 3563 οὔκ
1200 3498 1238 3563 ἀν
1254 3524 1304 3562 σοι

204 3625 241 3683 25
374 3598 526 3692 χραίσμῃ]
548 3604 608 3668 ἀπὸ
629 3609 681 3668 τοῦ
698 3602 850 3688 χρήσιμος
870 3603 985 3689 γέγονε,
1002 3605 1052 3669 καί
1073 3604 1210 3690 συστολῇ
1227 3607 1280 3665 τοῦ
1294 3628 1314 3682 η
1329 3603 1408 3669 είςᾰ

256 3707 305 3770 καὶ
319 3705 482 3787 μεταθέσει
497 3713 549 3772 τοῦ
564 3717 577 3771 ῖ
590 3713 731 3792 χραισμῶ

375 3807 508 3898 στέμμα]
526 3810 683 3893 δάφνινον.

301 3931 351 3997 29.
376 3913 424 3978 καί
437 3910 545 4001 γῆρας]
562 3914 597 3978 τὸ
612 3921 631 3951 “
643 3917 693 3979 καί
702 3914 720 3940 ”
737 3914 884 3997 παρέλκει
899 3914 974 3978 κατὰ
992 3912 1146 3980 Ἀττικούς

301 4036 352 4101 30.
377 4012 505 4103 πάτρης]
521 4020 575 4096 τῆς
591 4018 667 4081 ίδίου

205 4144 243 4201 30
301 4138 353 4204 31.
376 4114 569 4208 ἀντιόωνται]
585 4120 788 4200 πλεονάζουσι
803 4123 844 4207 τῷ
860 4121 877 4184 ὁ
892 4123 921 4185 οἱ
937 4121 1062 4200 ποιηταί

290 4253 313 4302 3.
330 4238 353 4288 ἀ
371 4255 395 4287 π.
413 4237 468 4286 εἶδον
488 4241 595 4289 novavit
612 4256 662 4290 τοο
686 4237 745 4300 Ιιτδ
766 4237 875 4303 σημαίνω
896 4256 954 4291 nov.
972 4256 1030 4297 rec..
1049 4243 1078 4289 οδ
1097 4239 1129 4289 αθ.
1147 4239 1190 4290 Et.
1210 4238 1249 4289 M.
1268 4243 1278 4298 ΙΙ
1297 4237 1321 4289 6.
1339 4236 1408 4302 ’Λίδη

256 4304 417 4368 Ερίωετίιαιὶ
429 4305 506 4354 Hom.
515 4305 557 4357 Cr.
569 4303 635 4369 165.
652 4319 677 4354 ιι
690 4304 777 4356 :ms
796 4312 806 4366 fl
827 4319 866 4357 10.
884 4306 1000 4370 supplevi
1011 4321 1041 4355 ex
1053 4308 1079 4355 A
1097 4310 1108 4366 n
1126 4303 1254 4368 προσώπου
1264 4302 1349 4368 τρίτου
1359 4306 1408 4355 W:

256 4419 357 4481 δρωτῖδ
373 4386 404 4483 έη
421 4420 517 4472 detrita
532 4420 669 4471 admodum
688 4428 699 4481 ll
721 4435 759 4484 13.
776 4421 844 4486 quod
860 4427 918 4486 pont
931 4437 987 4484 στρ.
1000 4423 1116 4488 seqnitur
1132 4418 1176 4472 τὰς
1192 4437 1246 4472 συ.
1259 4459 1265 4472 .
1279 4455 1286 4469 .
1299 4419 1410 4484 ,τὸγὰρ

255 4483 415 4548 κορερθτιιτον
431 4502 481 4537 non
497 4486 619 4552 intellego
632 4493 642 4547 ΙΙ
659 4499 696 4549 15.
709 4488 823 4552 supplevi
836 4503 867 4537 ex
878 4488 900 4537 L
910 4494 938 4539 et
948 4489 991 4539 Et.
1004 4488 1042 4539 M.
1056 4494 1067 4549 ΙΙ
1082 4501 1120 4552 23.
1132 4488 1192 4540 add.
1203 4505 1252 4540 τεο.
1263 4491 1410 4539 »tr-mento

255 4550 356 4600 divorso
373 4556 384 4610 u
404 4553 442 4602 28.
459 4549 490 4600 τδ
500 4553 604 4618 scripsi:
622 4553 672 4617 legi
684 4550 724 4600 λοι
745 4557 755 4612 ΙΙ
775 4565 812 4616 3ο.
831 4550 889 4602 τδό
