3000 5040
561 273 732 334 ιλιιλον.
755 277 793 335 ο.
816 269 904 359 (21)

198 453 270 522 335.
294 436 507 527 ἀναχωρῆσαι]
523 438 591 518 ήτοι
607 442 758 525 ἀναχώρει

198 560 271 626 339.
294 545 329 607 οὐ
343 548 400 624 μὲν
414 544 472 626 γάρ
487 569 532 611 τις
547 543 869 635 ἀλλος-ἐξεναρίξει]
887 546 925 627 μέ

198 650 271 733 362.
295 644 418 737 στιχάς]
435 648 484 713 διά
573 651 646 735 376.
670 649 850 740 προμάχιζε]
868 653 1054 734 προπολέμει

197 750 272 836 385.
294 741 428 840 Τμώλῳ]
447 756 515 834 ὅρος
531 756 642 820 Λυδίας

291 851 400 943 Ὕδης]
416 856 434 936 ἡ
451 862 505 922 νῦν
521 857 688 936 καλουμένη
706 858 833 939 Σάρδεις
1321 874 1339 935 5

198 956 271 1042 387.
295 957 424 1043 κεάσθη]
442 962 574 1042 ἐσχίσθη
706 962 779 1047 388.
803 959 964 1051 ἐπεύξατο]
982 963 1174 1047 ἐκαυχήσατο

198 1081 270 1146 391.
287 1060 415 1151 Γυγαίῃ]
433 1064 492 1128 ἀπὸ
508 1065 604 1146 Γύγου
619 1064 774 1133 τινόςΑψ
850 1085 924 1144 401.
942 1067 1006 1131 καθ’
1023 1064 1138 1155 ἵππων]
1156 1071 1231 1130 κατά
1246 1073 1304 1131 τῶν

196 1183 272 1243 402.
295 1163 379 1253 έθεν]
394 1169 483 1230 αὐτοῦ
552 1186 626 1251 403.
643 1166 767 1255 ἤρυγεν]
780 1173 853 1232 ποιά
865 1168 957 1249 λέξις,
969 1170 1036 1250 ήτοι
1048 1170 1217 1250 ἐμυκήσατο
1227 1172 1258 1233 Α
1267 1209 1297 1219 -

196 1288 270 1347 404
292 1267 421 1359 άνακτα]
438 1270 490 1334 τάν
506 1274 687 1335 Ποσειδῶνα
698 1271 765 1341 A÷

197 1392 272 1451 412.
296 1376 389 1453 θυμός
405 1375 515 1457 ἐστκν
529 1375 566 1455 ά)
583 1372 695 1454 μεταξὺ
710 1380 771 1438 τῶν
787 1381 914 1441 κλειδῶν
929 1377 1064 1456 κείμενος
1078 1377 1156 1456 ὑμήν
1324 1399 1360 1440 10

197 1492 272 1560 415.
294 1474 416 1565 ήυτετο]
432 1477 548 1557 ὑπήντα
634 1478 708 1555 418.
730 1474 884 1566 λιασθείς]
902 1482 1057 1546 κυλισθείς
1072 1481 1236 1564 χωρισθείς

197 1600 272 1660 424
295 1577 464 1668 ἀνέπαλτο]
483 1582 556 1646 λίαν
685 1593 760 1662 425.
784 1578 994 1669 ἐσεμάσσατο]
1012 1583 1198 1662 ἐμαλάκισεν

298 1684 516 1769 (ἐσεμάσσατο
532 1680 662 1773 θυμάν>]
681 1685 735 1748 τδν
751 1688 826 1748 κατά
841 1689 893 1748 τοῦ
914 1684 1145 1766 Ἀγαμέμνονος·
1165 1686 1304 1766 μαλακδν

152 1790 209 1868 μὲν
231 1790 289 1871 γὰρ
307 1790 347 1872 τῷ
363 1787 566 1871 Ἀγαμέμνονι
587 1790 740 1867 ἐποίησεν,
757 1788 851 1872 ἐαυτῷ
875 1790 908 1852 δὲ
930 1789 1052 1872 τραχύν,
1068 1787 1087 1866 ἢ
1111 1787 1221 1867 ἔνυξεν,
1237 1789 1304 1869 ήτοι

155 1893 293 1971 κείμενον
308 1892 360 1956 τὸν
375 1892 468 1970 θυμόν
479 1915 536 1969 μου
552 1893 627 1955 κατά
642 1897 701 1956 τῶν
711 1892 824 1972 Τρώων
836 1892 885 1955 καὶ
901 1891 1099 1974 ἀνευέργητον
1110 1893 1183 1956 ὄντα
1197 1891 1303 1972 ἔνυξεν
1323 1913 1361 1973 15

196 2009 271 2075 427.
295 1990 504 2081 πτώσσοιμεν]
522 1997 682 2077 δειλιῷμεν
810 1995 886 2072 482.
909 1991 999 2080 τῆλε]
1015 1993 1132 2075 μακράν

295 2097 382 2183 αὐτῇ]
399 2098 456 2160 σίν
585 2115 660 2180 492.
685 2097 856 2181 εἰλυφάζει]
872 2100 957 2175 είλεῖ,
975 2097 1141 2179 συστρέφει
1156 2099 1224 2159 Α-

197 2201 272 2282 496.
294 2200 484 2282 τριβέμεναι]
500 2201 597 2265 ἀλοᾶν
729 2196 789 2287 κρῖ]
808 2200 895 2282 κριθά

298 2302 467 2389 ἐυκτιμένῃ]
483 2303 690 2388 εὐκατασκειίῳ
822 2303 921 2390 ἀλωῇ]
937 2303 1032 2368 άλωνι

197 2421 272 2490 497.
294 2405 408 2488 λεπτά]
422 2407 460 2471 τὰ
477 2405 564 2492 κριθά
692 2423 767 2487 499.
791 2403 933 2492 στεῖβον]
958 2404 1145 2470 κατεπάτουν
1322 2436 1359 2476 20

198 2526 272 2592 501.
296 2506 346 2600 ἃς]
364 2512 411 2575 αἶς
539 2508 737 2592 ῥαθάμιγγες]
753 2512 784 2573 αἱ
797 2511 918 2592 ῥανίδες

198 2626 273 2694 502.
296 2611 507 2695 ἐπισσώτρων]
528 2618 587 2678 τῶν
601 2618 718 2696 τροχῶν
811 2628 884 2697 503.
908 2612 1052 2695 ἀάπτους]
1067 2616 1121 2680 τάς
1137 2611 1302 2693 ἀπτοήτους

710 2943 748 3002 Φ.

198 3095 228 3161 3.
251 3075 427 3159 διατμήξας]
443 3077 628 3160 διαχωρίσας
759 3097 789 3153 4.
813 3079 842 3140 οἱ
859 3074 965 3158 ἄλλοι]
978 3078 1006 3139 οἱ
1018 3074 1173 3153 Ἓλληνες

199 3181 228 3242 6.
253 3182 284 3244 οἵ
296 3176 346 3267 γε]
364 3182 393 3244 οἱ
407 3186 509 3261 Τρῶες
642 3196 669 3259 7.
693 3180 823 3263 πρόσθε]
840 3180 936 3243 αὐτῶν
951 3185 1011 3242 τῶν
1024 3179 1137 3260 Τρώων
1322 3200 1358 3258 25

297 3280 451 3372 ἐρυκέμεν]
468 3286 548 3348 ὥστε

200 3405 251 3450 20.
274 3385 389 3469 ἀεικής]
405 3388 541 3468 ἀπρεπής
556 3386 710 3467 ἀνδράσιν,
725 3386 791 3464 ήτοι
806 3387 989 3467 γυναικώδης

200 3508 249 3575 23.
272 3491 420 3573 πιπλᾶσι]
435 3490 585 3572 γράφεται
601 3499 619 3527 “
632 3495 787 3568 πιμπλᾶσι
799 3490 816 3514 ”

200 3608 250 3674 25.
273 3593 400 3677 δεινοῖο]
415 3594 564 3676 γράφεται
580 3593 628 3657 καὶ
644 3596 726 3671 ίῶτα,
742 3599 794 3655 τοῦ
809 3594 892 3658 δίνας
909 3593 1033 3676 ἔχοντος

197 3716 250 3774 40.
273 3696 440 3779 ἐπέρασσε]
456 3698 624 3775 ἐπώλησεν·
647 3701 742 3777 περᾶν
756 3697 814 3779 γάρ
829 3697 863 3760 τδ
878 3700 993 3761 πωλεῖν
1007 3695 1076 3777 παρ’
1092 3694 1216 3782 Ὁμήριρ
1321 3722 1360 3780 3ο

198 3801 251 3878 64.
276 3801 419 3883 ὥρμαινε]
436 3806 580 3864 διενοεῖτο

200 3923 249 3986 70.
272 3905 305 3966 ἐκ
321 3909 373 3966 τοῦ
388 3905 431 3967 ἀῶ
446 3902 481 3966 τδ
497 3903 650 3985 κορέννυμι
666 3904 783 3986 γίνεται
798 3902 873 3965 ἀσαι
888 3907 922 3965 τδ
938 3900 1062 3981 κορέσαι
1085 3903 1134 3966 καὶ
1149 3910 1303 3967 πλεονασ-

151 4008 199 4093 μῷ
215 4010 267 4087 τῆς
281 4008 381 4092 με<ν>
400 4014 417 4042 “
430 4008 558 4086 ἀμμεναι
570 4005 589 4033 ”
604 4012 640 4070 τδ
656 4009 836 4086 κορεσθῆναι

201 4130 251 4195 79.
274 4111 488 4193 ἑκατόμβοιον]
505 4110 611 4173 ἐκατδν
626 4115 711 4190 βοῶν
725 4107 813 4189 τιμήν
900 4107 1017 4190 ήλφου]
1033 4108 1120 4189 εὖρον

200 4216 250 4278 80.
273 4213 399 4296 ἐλύμην]
415 4213 630 4296 ἐλυτρωσάμην
705 4256 714 4269 ·
762 4227 812 4296 97.
834 4208 901 4299 μίν]
918 4212 971 4276 τδν
984 4210 1138 4295 Ἀχιλλέα
1320 4233 1358 4293 35

202 4330 272 4399 105.
295 4317 379 4400 περί]
394 4315 460 4396 ήτοι
475 4315 747 4399 περισ(σ>οτέρως

200 4441 272 4507 123.
296 4414 576 4504 ἀπολιχμήσονται]
592 4417 810 4498 άπολείξουσιν

244 4569 267 4621 7.
284 4555 407 4619 μετὰτῶν
425 4562 435 4618 ΙΙ
455 4570 494 4618 32.
508 4554 573 4607 άικτο
583 4555 613 4605 τδ
623 4573 647 4608 κ.
668 4560 679 4617 ΙΙ
696 4551 754 4606 άσαι
767 4555 870 4619 scripsit
887 4551 936 4603 άνυ
955 4558 966 4614 ΙΙ
985 4550 1024 4616 36.
1045 4550 1212 4616 τεμσοτίρουτ
